1777 3029
860 173 928 212 „31
952 166 954 169 ’

238 294 336 334 dere
363 294 595 342 industriae,
621 305 696 344 per
721 305 836 344 quam
864 293 1035 332 exierint
1056 293 1105 331 de
1134 292 1365 331 servitute.“
1390 313 1439 319 -
1462 292 1574 330 Atta-

236 372 327 400 men
358 359 540 399 interdun
560 358 769 399 admiratio
787 358 980 410 quaedam
1001 360 1043 399 et
1059 370 1169 398 amor
1185 357 1416 404 nobilitatis,
1441 369 1572 408 paene

236 426 361 465 invito
389 424 645 473 Quintiliano,
673 424 851 475 erumpit.
903 424 1073 464 Mortem
1099 424 1202 462 enim
1226 423 1294 462 filii
1320 423 1577 462 vehementer

236 491 380 543 lugens
407 502 494 530 eam
518 501 675 541 quoque
700 488 894 529 moeroris
920 500 1078 529 causam
1101 489 1271 541 profert,
1306 488 1413 539 quod
1443 488 1574 539 splen-

238 557 357 596 didae
385 555 592 595 affinitatis
622 567 734 606 spem
760 556 907 594 acerba
932 567 1039 594 mors
1064 555 1145 596 filio
1165 556 1365 605 eripuerit.
1417 554 1488 593 VI.
1512 567 1573 604 pr.

239 621 308 662 13:
332 620 468 671 „Tene
496 619 697 660 consulari
723 631 851 670 nuper
876 609 1095 671 adoptione
1122 620 1172 660 ad
1194 619 1362 659 omnium
1390 630 1485 669 spes
1510 619 1576 657 ho·

237 699 376 726 norum
400 685 512 737 prius
538 685 745 735 admotum,
785 689 826 725 te
865 685 1058 727 avunculo
1090 685 1264 736 praetori
1292 696 1482 735 generum
1508 683 1574 723 de-

239 751 434 800 stinatum,
469 754 523 800 te,
551 750 718 790 omnium
745 762 852 801 spes,
885 750 1134 790 acutissimae
1161 750 1415 800 eloquentiae
1444 751 1575 790 candi-

239 817 422 857 datumY‘

340 883 480 922 Adhuc
506 886 647 930 restat,
674 885 718 922 ut
741 894 845 933 quae
875 882 919 921 de
941 882 1124 933 republica
1146 882 1443 921 administranda
1470 882 1578 921 dicta

242 952 343 998 sunt,
372 948 560 999 colligam
581 952 700 999 atque
721 960 911 988 enarrem.
962 947 1221 999 Reipublicae
1240 948 1577 988 administrandae

240 1015 296 1054 dii
321 1014 401 1066 ipsi
427 1012 615 1069 optimum
645 1014 761 1053 nobis
793 1013 988 1052 dederunt
1014 1013 1245 1064 exemplum,
1279 1026 1370 1052 nam
1405 1016 1446 1052 et
1470 1026 1575 1052 mun·

240 1080 329 1119 dum
354 1079 611 1130 pulcherrime
638 1079 909 1118 instruxeer
935 1082 977 1117 et
1000 1078 1195 1129 regimine
1228 1079 1472 1129 imperioque
1504 1091 1576 1118 suo

241 1146 368 1185 adhuc
402 1142 692 1185 administrant.
716 1143 836 1193 -X11‚
863 1144 899 1192 2,
927 1144 994 1183 21:
1035 1143 1158 1193 „Nam
1195 1144 1228 1182 si
1260 1144 1413 1194 regitur
1446 1145 1576 1195 provi-

243 1210 377 1255 dentia
402 1211 587 1250 mundus:
615 1209 930 1249 administranda
956 1212 1065 1248 certe
1087 1209 1203 1248 bonis
1230 1209 1326 1248 viris
1345 1210 1421 1249 erit
1440 1222 1576 1261 respu-

242 1277 383 1316 blica.“
434 1277 484 1326 V,
514 1276 572 1321 10,
601 1276 665 1315 14:
692 1274 789 1322 „Sic
815 1274 918 1314 enim
940 1275 1008 1314 fiet
1033 1279 1311 1325 argumentum,
1336 1288 1422 1314 cum
1445 1276 1574 1326 provi-

241 1342 376 1381 dentia
400 1342 565 1380 mundus
592 1344 766 1391 regatur,
808 1340 1120 1379 administranda
1153 1344 1216 1380 est
1248 1341 1495 1391 respublica;
1535 1344 1578 1380 ut

241 1407 553 1446 administranda
577 1406 806 1457 respublica
832 1405 895 1454 sit,
924 1405 958 1444 si
983 1406 1149 1456 liquebit
1165 1406 1347 1445 mundum
1371 1406 1578 1457 providen-

240 1473 298 1513 tia
336 1473 463 1523 regi.“
524 1472 636 1519 Quod
677 1472 832 1522 quidem
875 1468 1117 1518 Quintiliano
1155 1472 1307 1521 liquere
1343 1472 1420 1511 iam
1461 1476 1579 1512 antea

241 1538 497 1578 ostendimus.
533 1537 683 1585 *Quare
715 1536 946 1587 respublica
978 1537 1069 1587 ipsa
1100 1550 1229 1588 paene
1258 1538 1429 1577 divinum
1456 1539 1577 1589 quod-

242 1605 332 1643 dam
357 1607 422 1643 est
448 1607 490 1642 et
522 1604 627 1642 inter
654 1603 908 1654 quaestiones
944 1603 1057 1653 gravi
1081 1603 1166 1641 viro
1195 1603 1450 1652 dignissimas
1475 1608 1577 1643 trac-

240 1669 377 1711 tanda.
419 1668 513 1718 XII,
542 1668 578 1718 2,
605 1668 674 1709 28:
705 1668 832 1718 „Nam
856 1680 958 1719 quae
976 1671 1114 1719 potest
1138 1668 1306 1707 materia
1329 1668 1498 1719 reperin'
1524 1669 1575 1708 ad

239 1735 416 1786 graviter
441 1734 682 1785 copioseque
724 1734 931 1773 dicendum
971 1734 1098 1784 magis
1126 1734 1331 1774 abundans
1372 1746 1486 1785 quam
1528 1734 1579 1773 de

238 1796 396 1849 virtute,
425 1800 476 1839 de
493 1799 710 1851 republica,
739 1799 792 1840 de·
816 1800 1081 1851 provide-ntia,
1109 1800 1159 1839 de
1180 1799 1333 1850 origine
1351 1800 1577 1850 animorum,

240 1867 290 1906 de
318 1864 561 1906 amicitia?“-
580 1866 732 1917 ltaque,
749 1865 846 1905 boni
871 1865 945 1905 viri
972 1870 1088 1906 erunt
1113 1878 1207 1905 vere
1241 1866 1378 1906 civiles
1406 1865 1577 1905 minime-

242 1944 317 1984 que
336 1932 608 1972 abhorrebunt
625 1932 674 1970 ab
698 1931 1038 1971 administratione
1058 1931 1300 1982 reipublicae
1319 1932 1578 1983 civilibusque

239 1997 396 2038 officiis.
464 1997 647 2037 Prooem.
678 1997 744 2036 10:
789 1996 954 2047 „Neque
980 1997 1084 2036 enim
1109 1997 1185 2036 hoc
1213 1998 1491 2044 concesserim,
1516 2010 1578 2037 ra-

238 2063 387 2102 tionem
419 2066 555 2102 rectae
586 2063 859 2113 honestaeque
893 2063 1001 2101 vitae
1035 2061 1105 2113 (ut-
1128 2063 1287 2113 quidam
1319 2064 1577 2114 putaverunt)

240 2128 290 2168 ad
330 2127 590 2180 philosophos
624 2127 881 2178 relegandam
889 2139 900 2177 ;
941 2140 1027 2166 cum
1058 2129 1121 2167 vir
1147 2128 1216 2167 ille
1249 2140 1345 2168 vere
1379 2128 1508 2168 civilis
1536 2132 1578 2168 et

238 2194 481 2246 publicarum
503 2194 821 2245 privatarumque
846 2205 977 2232 rerum
1001 2194 1335 2233 administrationi
1361 2206 1577 2234 accommo-

239 2261 369 2311 datus,
402 2261 468 2312 qui
500 2271 642 2310 regere
677 2259 851 2299 consiliis
875 2260 1008 2308 urbes,
1041 2259 1208 2298 fundare
1241 2259 1411 2310 legibus,
1445 2272 1575 2300 emen-

240 2326 338 2366 dare
357 2326 514 2367 iudiciis
540 2325 682 2377 possit,
698 2337 796 2364 -non
833 2324 934 2365 alius
967 2325 1020 2365 sit
1043 2326 1228 2376 profecto
1257 2338 1373 2377 quam
1400 2327 1576 2366 orator.“

237 2391 311 2441 XI,
340 2393 375 2441 1,
401 2392 474 2432 35:
519 2392 599 2441 „At
630 2391 693 2429 vir
725 2390 853 2430 civilis
893 2403 1066 2442 vereque
1101 2392 1280 2442 sapiens,
1318 2393 1382 2443 qui
1415 2403 1461 2431 se
1496 2404 1577 2431 non

240 2457 381 2498 otiosis
418 2456 763 2509 disputationibus,
797 2456 870 2497 sed
896 2457 1303 2497 administrationibus
1334 2457 1579 2508 reipublicae

239 2522 450 2572 dediderit,
484 2535 509 2562 a
541 2535 621 2573 qua
640 2521 873 2573 longissime
898 2522 978 2569 isti,
1015 2523 1082 2573 qui
1112 2522 1339 2574 philosophi
1371 2526 1576 2571 vocantur,

238 2591 521 2637 recesserunt,
545 2587 687 2638 omnia,
727 2598 829 2639 quae
870 2587 923 2628 ad
955 2587 1206 2628 efficiendum
1239 2588 1438 2635 oratione.
1473 2589 1579 2639 quod

236 2654 506 2705 proposuerit,
547 2654 694 2703 valent,
733 2653 906 2694 libenter
938 2654 1160 2695 adhibebit:
1200 2666 1286 2693 eum
1320 2654 1442 2706 prius,
1482 2654 1575 2706 quid
