1777 3029
855 155 912 200 13·

205 274 269 313 An
295 273 397 314 haee
424 288 503 314 non
531 274 764 325 frequenter
788 276 979 315 tractabit
996 269 1158 316 orator?
1200 276 1264 314 An
1289 274 1563 326 &augustius

204 338 424 391 responsis,
451 341 647 392 religione
665 342 835 391 denique
856 338 979 387 omni,v
1001 342 1051 382 dc
1078 342 1219 393 quibus
1235 341 1405 381 maxima
1420 348 1562 392 saepe·-

204 406 243 443 in
271 412 414 445 senatu
448 406 618 444 consilia
646 411 807 445 versata
835 411 941 453 sunt,
972 419 1051 446 non
1079 408 1156 446 erit
1188 408 1225 446 ei
1259 406 1543 455 disserendum,

206 471 238 510 si
255 471 435 521 quidem,
469 475 512 510 ut
538 472 654 511 nobis
682 471 841 522 placet,-
861 472 1014 512 futurus
1050 476 1115 512 est
1147 473 1207 511 vir
1233 472 1360 512 civilis
1386 466 1544 514 idcmffl‘

307 536 491 575 Ceterum
517 549 661 587 magna
689 537 959 577 admonitione
984 537 1090 576 haud
1117 542 1222 588 eget,
1247 550 1299 578 ne
1323 540 1563 577 accuratam.

206 602 255 639 de
285 602 360 640 hac
388 613 432 639 re
461 602 572 640 etde
600 602 746 642 ceteris
764 602 1044 653 philosophiae
1069 604 1251 654 partibus
1269 604 1544 643 tractationem

205 668 242 705 in
271 668 372 706 libro
407 667 639 713 Quintiliani
667 672 898 718 exspectes;
933 680 1023 707 nam
1060 680 1109 707 ea
1133 672 1283 707 tantum
1311 675 1543 708 commemo-

205 737 280 782 rat,
308 733 449 783 quibus
476 732 628 772 oraton·
655 745 755 784 opus
783 744 875 773 esse
901 734 1127 774 arbitratur.

639 851 759 899 caput
783 852 836 889 11.
888 851 944 889 Do
970 851 1109 891 ethice.

305 932 399 969 Eum
438 931 691 980 partitionem
733 931 902 979 ethices,
946 944 1060 981 quam
1105 931 1281 970 homines
1327 931 1544 971 doctissimi

207 997 333 1035 secuti
368 1000 471 1045 sunt,
503 996 590 1045 ipse
618 996 819 1045 recipiam.
870 996 1019 1046 ltaque·
1045 997 1170 1046 prima
1202 1009 1296 1047 pars
1317 991 1542 1035 'doctrinam

206 1063 255 1101 de
284 1063 489 1101 voluntate
519 1062 602 1100 sive
630 1061 680 1099 dc
710 1062 815 1099 bono
844 1052 1080 1110 continebit,
1116 1063 1243 1101 altera
1271 1063 1543 1113 quaestionem

205 1130 254 1167 de
283 1129 390 1166 bono
418 1128 467 1165 ad
496 1127 674 1177 singulos
708 1127 886 1166 homines
921 1127 1158 1177 pertinente,
1192 1128 1313 1166 tertia
1348 1127 1545 1171 ostendet,

207 1195 405 1245 quomodo
433 1193 528 1232 illud
557 1194 699 1232 bonum
729 1194 767 1232 in
796 1194 991 1233 societate
1020 1206 1067 1233 ae
1093 1194 1323 1244 pluralitate
1349 1193 1544 1233 hominum

208 1261 420 1308 efficiatnr;
450 1259 671 1297 continebit
701 1259 823 1308 igitur
850 1260 1124 1308 quaestionem
1152 1260 1201 1298 de
1228 1260 1323 1299 iure.

728 1327 757 1364 1.
798 1324 864 1364 De
893 1325 1033 1366 bono.
1260 1352 1293 1370 s

308 1391 571 1437 Quintilianus
591 1403 727 1428 omnes
746 1392 873 1429 bonas
894 1395 1001 1430 artes
1020 1391 1230 1439 ,‚honesti“
1257 1365 1414 1451 ntffigine
1442 1401 1543 1427 eom-

207 1456 404 1507 pleetitur.
449 1455 501 1500 11,
528 1455 566 1500 4,
593 1456 661 1495 38:
691 1455 885 1504 „Maxime
915 1468 1010 1495 vero
1030 1468 1233 1496 commune
1254 1460 1316 1497 est
1334 1465 1543 1507 quaerere:

208 1523 266 1560 An
295 1523 348 1561 sit
375 1522 571 1560 honesta-⁴?
603 1535 652 1560 an
682 1522 817 1561 utilis?
850 1523 962 1572 (lex.)
1015 1522 1270 1573 Nec-ignoro
1296 1522 1432 1572 plures
1460 1521 1544 1559 fieri

207 1601 231 1626 a
257 1587 459 1638 plerisque
488 1592 637 1638 partes,
667 1588 738 1626 sed
758 1601 832 1627 nos
855 1589 1014 1633 iustum,
1042 1588 1161 1638 pium,
1178 1587 1415 1639 'religiosum
1442 1590 1545 1625 ecte-

205 1667 329 1704 raque
359 1654 419 1692 liis
449 1654 590 1693 similia
622 1654 790 1693 honesto
825 1654 1160 1705 complectimur.“
1212 1654 1353 1704 Itaque
1385 1656 1547 1704 praeter

207 1722 349 1759 bonum
384 1720 526 1769 ubique
562 1720 678 1758 etiam
712 1720 807 1774 utile
842 1719 1101 1770 spectandum
1136 1723 1210 1759 est.
1259 1720 1446 1758 Attamen
1481 1719 1545 1756 ho-

206 1791 359 1825 nestum
388 1790 427 1823 ct
454 1785 549 1823 utile
571 1797 856 1837 saepenumero
885 1786 990 1823 inter
1017 1797 1060 1823 se
1088 1788 1278 1836 pugnant,
1304 1789 1423 1835 atque
1440 1784 1546 1822 hand

206 1852 326 1890 facile
355 1855 427 1899 est,
449 1851 502 1889 ibi
528 1856 679 1889 rectum
708 1850 834 1900 sequi.
884 1851 944 1888 Dc
972 1850 1197 1889 discrimine
1225 1850 1380 1890 honesti
1408 1854 1449 1889 et
1474 1849 1547 1887 uti-

205 1918 254 1955 lis
290 1917 375 1966 agit
401 1916 667 1962 Quintilianus
703 1915 776 1959 XI,
812 1917 846 1960 1,
885 1916 1042 1960 8—15,
1084 1928 1174 1954 nam
1209 1915 1249 1953 id
1282 1917 1373 1954 mihi
1409 1926 1546 1954 omnes

206 1983 324 2022 facile
345 1982 582 2028 concedent,
603 1982 893 2029 Quintilianum,
921 1995 1008 2021 eum
1032 1982 1109 2021 hoc
1128 1982 1232 2030 loce,
1260 1982 1367 2032 quod
1385 1981 1548 2032 expedit

208 2053 248 2087 et
289 2048 393 2097 quod
428 2048 546 2085 decet
579 2048 739 2097 saepius
774 2048 877 2086 inter
909 2060 952 2086 se
994 2059 1173 2097 pugnare
1215 2047 1412 2091 ostendit,
1451 2046 1548 2084 nihil

208 2118 380 2152 tractare
418 2112 492 2150 nisi
530 2112 633 2150 hane
662 2125 831 2162 pugnam
866 2113 1022 2151 honesti
1058 2116 1099 2151 et
1131 2112 1251 2152 utilis.
1310 2111 1547 2161 Plerumque

207 2179 276 2218 illa
305 2179 516 2218 coniuncta
545 2191 654 2226 esse,
690 2191 777 2216 nam
808 2178 912 2228 quod
951 2178 1113 2224 deceat,
1148 2178 1232 2217 fere
1268 2190 1425 2229 semper
1459 2189 1547 2227 pro-

209 2246 341 2284 desse.
396 2244 476 2283 Sed
506 2258 590 2283 eum
618 2245 719 2282 inter
745 2256 788 2283 se
817 2248 1004 2294 pugnent,
1038 2244 1078 2282 id
1108 2244 1214 2294 quod
1242 2244 1403 2290 deceat,
1436 2254 1548 2293 supe-

208 2311 288 2349 rius
331 2322 422 2349 esse
463 2310 644 2348 utilitate.
706 2309 819 2355 Quod
855 2308 1035 2348 Socratis
1074 2309 1317 2359 aliorumque
1356 2308 1548 2359 exemplis

210 2376 472 2414 confirmatur.
526 2375 605 2423 „Hi
641 2387 737 2412 vero
773 2374 978 2421 (Socrates
1015 2375 1159 2425 aliique
1198 2375 1376 2413 homines
1417 2374 1548 2424 probi)

208 2453 333 2490 parva
359 2440 440 2484 illa,
469 2452 569 2488 quae
590 2440 880 2478 abiectissimus
909 2441 1074 2489 quisque
1102 2439 1252 2478 animus
1280 2439 1393 2477 utilia
1412 2439 1549 2484 eredit,

209 2506 242 2544 si
270 2518 354 2543 eum
385 2506 526 2543 virtute
547 2505 815 2549 conferantur,
844 2499 1105 2554 despicienda
1128 2503 1414 2548 iudicaverunt,
1442 2503 1548 2542 ideo-

209 2582 283 2619 que
313 2575 508 2619 perpetua
538 2569 786 2607 saeculorum
814 2568 1074 2607 admiratione
1109 2569 1398 2607 celebrantur.“
1452 2555 1551 2617 „Est

210 2639 354 2682 autem,
388 2635 490 2686 quod
516 2647 652 2691 ornnes
681 2639 719 2673 et
747 2635 1138 2690 semperffletmubique
1160 2633 1312 2681 deceat,
1340 2634 1473 2688 faeere
1496 2646 1564 2683 ac,
