1777 3029
882 193 937 237 23

235 315 480 367 beataeque,
526 317 561 356 si
603 316 786 358 credas.“
822 317 874 358 ef.
914 321 1048 357 tamen
1093 319 1144 359 de
1190 319 1251 359 his
1279 319 1493 370 postremis
1536 315 1582 370 p(

321 446 476 488 -Vinns
507 448 631 500 igitur
663 453 822 490 constat
853 450 1048 489 voluntate.
1103 448 1236 497 Quare
1270 451 1496 501 priusquam
1525 449 1575 488 ad

236 511 365 562 ipsam
386 512 845 570 sium-unwanum&
872 515 1117 563 voluntatem
1142 519 1325 556 nostram
1353 515 1404 554 ad
1426 519 1575 553 rectum

236 575 520 630 honestumque
543 570 838 630 perducenusm
864 592 956 621 esse
984 584 1162 632 apparet.
1215 581 1358 631 Itaque
1388 592 1411 618 a
1438 580 1573 630 pueris

234 653 322 682 nos·
354 642 617 689 Quintilianus
632 652 636 655 ·
649 644 831 685 honestis
863 645 1056 696 exemplis
1082 643 1349 684 instituendos
1375 648 1506 694 putat,
1533 649 1575 682 ut

236 707 387 748 animus
414 708 541 748 adhuc
567 709 674 749 rudis
701 714 743 750 et
768 711 834 761 qui
861 710 1052 750 facillime
1076 710 1205 750 excoli
1224 710 1365 761 possit,
1393 709 1573 749 honestis

236 778 455 814 assuescat.
482 774 513 823 Ι,
541 775 577 825 8,
599 776 644 815 4:
671 775 844 825 „Cetera
869 776 1142 815 admonitione
1168 787 1315 826 magna
1333 786 1415 814 non
1434 779 1575 826 egent;

235 839 276 878 in
304 839 440 891 primis
466 844 510 879 ut
536 838 701 881 tenerae
728 846 883 881 mentes
909 845 1190 891 “actui-aeque
1217 841 1357 889 altius,
1387 841 1576 891 quidquid

236 905 397 945 rudibus
430 909 472 945 et
504 907 671 946 omnium
701 907 851 958 ignaris
887 907 1099 957 insederit,
1130 919 1211 946 non
1245 906 1363 945 modo
1391 918 1490 956 quae
1519 907 1573 944 di-

238 974 356 1020 serta,
377 971 452 1010 sed
480 971 545 1010 vel
570 972 708 1023 magis,
737 983 838 1023 quae
867 971 1038 1012 honesta
1064 975 1168 1020 sunt,
1197 971 1393 1010 discant.“

339 1035 429 1078 Hoc
463 1045 620 1088 quoque
646 1037 891 1086 Quintiliano
919 1036 1202 1085 concedemus,
1229 1041 1379 1076 rectam
1406 1037 1574 1075 volunta·

237 1109 305 1141 tem
342 1102 510 1141 docm‘na
547 1102 733 1149 adt‘uv‘an',
771 1103 958 1142 virtutem
993 1103 1116 1154 igitur
1158 1102 1436 1152 perficiendam
1482 1114 1573 1142 esse

237 1167 430 1207 doctrina.
456 1166 548 1217 XII,
577 1165 612 1217 2,
642 1168 684 1209 1:
717 1166 911 1217 „Quando
943 1168 1062 1220 igitur
1096 1171 1236 1207 orator
1261 1171 1324 1207 est
1351 1168 1409 1207 vir
1435 1168 1572 1217 bonus,

236 1233 271 1273 is
294 1237 423 1272 autem
450 1233 550 1272 citra
576 1234 761 1273 virtutem
783 1233 955 1283 intelligi
978 1246 1059 1273 non
1076 1237 1224 1284 potest,
1252 1234 1390 1278 virtus,
1419 1234 1574 1273 etiamsi

237 1298 429 1350 quosdam
461 1298 628 1349 impetus
664 1311 715 1338 ex
742 1303 885 1338 natura
910 1299 1043 1348 sumit,
1076 1303 1205 1338 tamen
1233 1298 1478 1349 perficienda
1508 1299 1575 1338 do-

237 1364 363 1403 ctrina
389 1367 470 1404 est:
503 1376 634 1405 mores
669 1368 761 1406 ante
796 1364 926 1404 omnia
960 1365 1113 1404 oratori
1147 1364 1288 1403 studiis
1315 1369 1431 1403 erunt
1457 1376 1573 1403 exco-

236 1430 358 1480 lendi,
375 1434 494 1481 utque
507 1442 643 1470 omnes
653 1430 816 1486 honesti·
832 1430 1005 1481 iustique
1028 1430 1238 1481 disciplina
1252 1430 1575 1480 peitractanda.“

239 1494 320 1534 Sed
352 1495 511 1546 lougius
544 1496 828 1546 procedentem
867 1496 945 1534 iam
986 1507 1066 1534 non
1100 1507 1262 1545 sequar;
1306 1496 1438 1547 pergit
1472 1497 1576 1535 enim

238 1560 348 1610 „sine
384 1572 461 1610 qua
495 1573 610 1601 nemo
646 1572 723 1601 nec
755 1561 818 1600 vir
850 1562 978 1600 bonus
1011 1572 1102 1600 esse
1136 1573 1211 1600 nec
1238 1561 1397 1600 dicendi
1424 1557 1575 1612 peritus

236 1625 411 1676 potest.“
462 1623 560 1664 Nam
591 1630 634 1665 ut
666 1626 743 1665 hoc
773 1630 1016 1676 postremum
1048 1627 1098 1664 de
1133 1626 1279 1676 peritia
1305 1627 1465 1665 dicendi
1492 1628 1576 1665 iure

238 1690 317 1735 diei
343 1694 497 1742 potest.
526 1691 585 1730 ita
614 1691 724 1743 prius
758 1691 856 1731 iilud
881 1691 932 1731 de
956 1692 1047 1731 viro
1072 1692 1179 1731 bono
1204 1691 1296 1729 mihi
1324 1691 1479 1742 quidem
1505 1692 1576 1731 fal-

240 1745 322 1797 sum
357 1757 525 1796 videtur.
577 1756 806 1808 Interrogat
839 1757 1100 1805 Quintilianus
1131 1757 1207 1796 hoc
1239 1758 1328 1808 ipso
1355 1758 1458 1806 loco,
1485 1757 1577 1804 XII,

238 1825 274 1873 2,
300 1824 345 1863 3:
380 1823 622 1872 „Abstinens
655 1822 749 1871 erit,
785 1824 851 1874 qui
882 1824 924 1862 id
948 1824 1088 1875 ipsum,
1122 1823 1216 1875 quid
1244 1823 1295 1862 sit
1321 1824 1576 1872 abstinentia,

237 1889 448 1940 iguorat?“
499 1888 657 1927 Poterit
689 1900 780 1928 esse
813 1889 1031 1928 abstinens.
1083 1889 1162 1938 „Et
1188 1889 1321 1931 sortis.
1359 1890 1425 1939 qui
1449 1894 1578 1929 metus

239 1953 409 1999 doloris.
442 1952 598 1999 mortis,
633 1954 929 2004 superstitionis
964 1953 1074 1992 nulla
1106 1954 1262 1992 ratione
1296 1955 1578 2005 purgaverit?“

240 2019 372 2066 Certe.
400 2018 478 2069 „Et
501 2018 643 2066 iustus,
672 2019 737 2069 qui
764 2019 881 2069 aequi
905 2019 1079 2070 bonique
1105 2022 1334 2067 tractatum,
1364 2019 1430 2069 qui
1452 2019 1577 2070 leges,

241 2089 420 2135 quaeque
457 2087 599 2122 natura
642 2088 735 2123 sunt
773 2084 953 2123 omnibus
999 2084 1137 2130 datae,
1180 2096 1363 2133 quaeque
1392 2085 1579 2134 propriae

240 2148 399 2201 populis
426 2152 467 2188 et
492 2148 685 2199 gentibus·
702 2149 955 2200 constitutae,
983 2161 1178 2202 nunquam
1205 2149 1420 2189 eruditiore
1446 2148 1585 2201 aliquo

242 2227 424 2255 sermone
461 2215 695 2254 tractazit?“
748 2215 843 2254 Sine
878 2215 998 2254 dubio
1034 2215 1127 2255 iusti
1160 2227 1258 2254 esse.
1277 2219 1487 2265 poterunt,
1515 2216 1582 2264 qui

241 2280 377 2320 hurum
409 2292 540 2319 rerum
571 2280 757 2319 noverint
791 2280 906 2329 nihil,
940 2279 1003 2319 vel
1038 2280 1172 2330 potius
1207 2280 1271 2330 qui
1300 2280 1372 2319 has
1399 2291 1463 2318 res
1487 2293 1581 2318 nun-

241 2358 359 2396 qnam
386 2349 478 2386 sunt
504 2345 652 2385 edocti.
705 2345 818 2392 Quae
846 2342 940 2384 vero
968 2346 1019 2384 de
1038 2345 1114 2383 hac
1133 2358 1177 2384 re
1197 2346 1271 2384 sibi
1290 2345 1438 2395 opponi
1457 2358 1580 2395 posse

245 2411 332 2462 ipse
359 2410 468 2459 dicit,
497 2421 594 2450 sane
622 2409 808 2449 facillima
835 2414 937 2460 sunt,
965 2422 1068 2461 quae
1091 2411 1323 2449 refutentur.
1352 2408 1456 2458 „Nisi
1477 2409 1581 2448 sorte

241 2475 385 2528 inquit,
413 2475 636 2518 accedimus
669 2476 738 2525 iis,
773 2476 840 2526 qui
873 2480 1018 2515 natura
1042 2480 1233 2516 'constare
1260 2487 1389 2514 mores
1419 2480 1460 2513 et
1487 2475 1583 2513 nihil

242 2540 432 2580 adiuvari.
447 2541 661 2592 disciplina
686 2544 847 2591 putant;
875 2541 1029 2581 scilieet
1054 2546 1098 2580 ut
1124 2554 1184 2590 ea,
1213 2553 1314 2591 quae
1341 2552 1458 2578 manu
1475 2540 1583 2585 fiunt,

244 2609 363 2657 atque
391 2617 525 2645 eorum
552 2607 672 2646 etiam
695 2606 1036 2658 contemptissima
1063 2607 1326 2647 confiteantur
1359 2617 1479 2657 egere
1514 2606 1581 2645 do-

243 2672 430 2720 ctoribus,
456 2673 639 2711 virtutem
662 2685 773 2721 vcro,
802 2685 876 2723 qua
903 2672 1183 2720 nihilhomini,
1213 2684 1290 2721 quo
1320 2672 1369 2709 ad
1400 2672 1497 2710 deos
1517 2672 1581 2708 im‘-

1293 2739 1340 2773 2}
