1777 3029
866 196 919 240 46

226 312 309 351 tine
335 314 465 361 vertit,
497 315 607 353 velut
631 316 681 360 ΙΙ,
710 316 769 364 15,
797 318 843 357 13
869 316 1068 370 (Aristot.)
1098 341 1143 346 —-
1171 319 1221 364 V,
1250 320 1309 359 12.
1338 320 1397 360 10.
1424 320 1474 365 V,
1499 319 1558 366 14.

225 377 263 416 4.
316 378 389 424 XI,
418 379 452 425 1,
479 380 541 419 22.
576 381 646 427 IX,
672 383 707 428 3,
736 382 787 421 55
812 382 961 432 (Dem.)
989 405 1032 412 -
1062 383 1172 430 VIII,
1193 384 1231 430 4,
1258 380 1320 424 24.
1355 384 1406 430 X,
1435 386 1470 431 1,
1497 385 1559 424 46.

224 442 297 489 XI,
325 445 360 489 3,
389 444 471 484 158.
516 445 608 491 XII,
641 448 697 491 10,
729 448 789 487 64.
822 447 884 488 65.
912 449 1059 497 (Ηο111,)
1101 471 1149 477 -
1183 447 1250 497 ΙΧ,
1285 451 1322 495 3,
1349 448 1412 490 55.
1455 451 1557 498 Quin

226 509 340 548 etiam
371 512 585 560 proverbia
619 512 776 551 Graeca
809 512 849 551 111
884 513 1065 552 Latinum
1098 524 1318 553 sermonem
1351 516 1557 555 transfert.

226 574 266 613 S.
279 587 318 624 p.
331 575 392 614 36.
428 597 472 603 —
502 576 652 616 Contra
690 578 826 627 paucis
853 581 1004 616 tantum
1039 578 1138 618 locis
1182 579 1272 629 ipsa
1314 579 1558 619 Graecorum

225 639 458 690 scriptorum
485 643 610 680 verba
637 641 976 692 deprehendimus.
1010 641 1105 681 Nam
1130 641 1199 688 IX,
1224 644 1260 688 4,
1285 644 1346 683 63.
1374 644 1435 684 64.
1488 643 1559 690 IX,

223 705 259 753 4,
287 705 346 751 78,
374 705 512 745 similia
538 707 717 757 protinus
745 706 980 758 excipienda
1005 708 1202 754 videntur,
1230 709 1413 758 quoniam
1440 709 1559 757 Quin-

223 769 385 809 tilianus
413 771 474 811 his
500 771 601 812 Iccis
634 772 684 811 de
710 772 881 811 numeris
908 775 976 811 aut
1001 773 1103 812 bene
1129 776 1198 812 aut
1222 773 1324 813 male
1350 774 1559 815 fluentibus

181 874 184 877 .
225 836 406 883 disserit,
434 837 499 887 qui
524 838 563 875 in
579 838 810 888 quibusdam
836 838 969 877 verbis
995 838 1275 878 Demosthenis
1300 840 1561 880 animadversi

226 901 321 950 sint,
355 902 421 940 ubi
453 902 595 941 Latina
629 905 761 943 versio
794 904 1171 953 argumentationem
1203 904 1381 943 nimirum
1407 905 1559 944 irritam

224 967 476 1006 reddidisset.
527 965 579 1006 At
611 960 695 1007 sine
731 969 812 1008 ulla
836 981 958 1008 causa
986 967 1228 1016 Quintiliano
1254 969 1412 1009 Graeca
1435 972 1561 1009 verba

226 1033 462 1073 exciderunt
492 1034 612 1079 VIII,
639 1036 677 1079 3,
705 1035 767 1073 37.
810 1035 878 1078 IV,
905 1035 940 1074 2.
969 1035 1054 1074 131.
1082 1033 1236 1087 (Dem.)‚
1263 1035 1442 1086 Utroque
1469 1035 1560 1074 loco

224 1098 463 1149 paucissima
494 1102 642 1138 tantum
675 1100 798 1139 verba
830 1099 1179 1150 deprehendimus;
1213 1100 1331 1140 latius
1357 1104 1560 1150 patentem

223 1163 353 1202 locum
379 1164 561 1215 equidem
586 1164 718 1204 inveni
744 1176 944 1215 nusquam,
970 1164 1046 1205 nisi
1072 1165 1123 1212 ΙΙ,
1139 1165 1212 1213 15,
1236 1166 1297 1205 27.
1316 1166 1377 1207 28.
1405 1165 1444 1217 (6
1461 1165 1559 1206 Gor-

223 1229 290 1279 gia
313 1228 527 1278 Platonis.)

323 1325 477 1375 Itaque,
505 1326 633 1365 omnia
660 1338 762 1377 quae
789 1324 917 1366 adhuc
944 1326 1054 1365 dicta
1080 1329 1187 1373 sunt,
1216 1325 1412 1376 complexi
1439 1326 1558 1365 facile

224 1392 497 1440 concedemus,
526 1391 821 1439 Quintilianum,
850 1392 1026 1442 quamvis
1051 1391 1231 1430 Graecae
1257 1391 1417 1441 linguae
1445 1404 1557 1442 prae-

226 1457 411 1495 stantiam
438 1458 539 1495 bene
566 1456 818 1507 intelligeret,
846 1462 978 1496 tamen
1005 1469 1079 1508 pro
1107 1457 1238 1506 patrio
1258 1469 1440 1496 sermone
1462 1461 1557 1496 tam-

226 1534 338 1572 quam
367 1534 440 1573 pro
469 1523 546 1561 aris
576 1528 617 1562 et
643 1523 746 1562 focis
771 1522 929 1562 fortiter
953 1535 1000 1562 ac
1027 1526 1186 1562 strenue
1215 1523 1469 1574 pugnavisse.

325 1620 494 1662 Tertium
533 1627 637 1668 erat,
684 1624 790 1674 quod
827 1623 920 1661 mihi
960 1635 1269 1674 proposueram,
1307 1627 1351 1662 ut
1384 1635 1485 1672 quae
1517 1623 1558 1661 in

224 1689 424 1734 „oratoria
466 1689 742 1729 institutione“
783 1689 832 1727 de
866 1687 1024 1727 Graeca
1066 1688 1228 1728 natione
1265 1689 1373 1727 dicta
1413 1692 1559 1734 essent,

224 1754 463 1804 colligerem.
535 1753 630 1793 Nam
675 1767 762 1794 cum
800 1753 956 1793 litteras
999 1754 1276 1804 ingeniumque
1316 1753 1558 1793 Graecorum

224 1821 401 1861 homines
445 1821 663 1863 doctissimi
709 1819 996 1860 admirarentur
1041 1830 1194 1865 omnes,
1244 1831 1375 1858 mores
1426 1823 1558 1858 tamen

224 1899 360 1927 eorum
393 1887 694 1927 honestissimus
737 1885 903 1936 quisque
943 1886 1141 1935 castigare
1179 1884 1337 1923 solebat
1400 1885 1486 1932 Qua
1517 1885 1558 1923 in

221 1965 265 1993 re
293 1953 557 2001 Quintilianus
584 1964 661 1991 uno
689 1955 840 1991 tantum
864 1952 968 2001 loco,
1001 1952 1031 2000 Ι,
1059 1951 1093 1997 8,
1120 1951 1154 1996 6,
1181 1950 1221 1988 111
1248 1953 1479 1990 transcursu
1503 1950 1557 1988 ni-

222 2019 336 2057 miam
354 2018 596 2057 Graecorum
625 2018 834 2067 lyricorum
862 2017 1061 2055 licentiam
1087 2016 1231 2054 leviter
1255 2015 1558 2065 perstringit.—

223 2083 360 2131 Qualis
401 2087 530 2122 autem
569 2083 721 2121 duabus
764 2080 1093 2132 praeclarissimis
1144 2080 1389 2130 antiquitatis
1434 2080 1558 2118 natio-

221 2149 336 2189 nibus
380 2148 514 2199 opinio
559 2147 716 2187 steterit
757 2148 796 2185 in
841 2146 980 2186 animis
1005 2151 1046 2185 et
1090 2145 1318 2193 Quintiliani
1361 2145 1486 2196 ipsius
1520 2149 1559 2184 et

225 2215 464 2267 aequalium,
504 2213 754 2264 apertissime
794 2216 835 2251 et
868 2208 1038 2252 dilucide
1071 2211 1187 2250 nobis
1225 2211 1295 2250 ille
1328 2211 1439 2250 locus
1469 2211 1559 2249 libri

224 2283 282 2322 111
327 2282 520 2322 ostendit:
577 2280 770 2330 „Multum
815 2279 999 2324 interest,
1048 2281 1210 2317 senatus
1256 2276 1457 2317 consultet
1509 2289 1560 2316 an

223 2348 410 2398 populus,
467 2346 633 2386 Romani
684 2358 734 2384 an
778 2345 1013 2389 Fidenates,
1065 2344 1212 2382 Graeci
1262 2356 1312 2382 au
1362 2342 1559 2382 barbari.‘·

224 2434 274 2440 —
317 2413 387 2462 (cf.
437 2425 475 2463 p.
496 2412 499 2414 ’
520 2413 588 2452 36:
634 2408 747 2457 „Non
790 2410 891 2449 enim
932 2409 1017 2449 sine
1063 2421 1185 2449 causa
1229 2408 1373 2448 dicitur
1411 2408 1560 2447 Barba-

222 2492 306 2518 rum
334 2477 628 2527 Graecumve.“)
667 2476 930 2527 Opponuntur
956 2475 1075 2526 igitur
1097 2474 1263 2514 Romani
1288 2474 1559 2519 Fidenatibus,

220 2545 412 2585 vilissimo
446 2544 645 2584 etiamtum
677 2541 899 2592 municipio,
935 2541 1082 2580 Graeci
1108 2540 1307 2584 barbaris,
1342 2540 1407 2590 qui
1442 2552 1557 2590 quam

223 2611 358 2651 obrem
404 2606 614 2662 compositi
658 2608 755 2655 sint,
806 2619 877 2658 per
911 2619 955 2646 se
992 2609 1116 2658 patet.
1186 2607 1326 2656 Itaque
1367 2606 1558 2652 videmus,

221 2677 422 2720 Romanos
431 2676 672 2726 Quintiliano
691 2674 800 2716 visos
820 2685 923 2724 esse,
945 2685 993 2713 ac
1010 2673 1093 2712 iure
1108 2672 1279 2723 quidem,
1294 2672 1559 2724 amplissimae

1298 2741 1321 2765 st
