1777 3029
865 174 959 214 ‘14

260 308 478 346 sequemur.
541 295 620 337 Sed
647 309 726 335 uno
755 297 877 335 totius
904 299 1036 347 operis
1062 297 1154 336 loco
1182 297 1300 347 plane
1327 296 1442 336 aliam
1471 296 1593 346 opini-

258 373 371 400 onem
401 362 450 399 de
479 361 612 399 divino
638 361 804 411 imperio
829 362 1172 412 deprehendimus,
1198 362 1289 402 dico
1308 374 1469 414 pravam
1485 360 1592 400 illam

258 427 577 476 persuasionem,
604 439 683 476 qua
708 430 866 466 veteres
893 427 1035 466 nimiae
1064 428 1247 467 felicitati
1274 429 1467 467 hominum
1494 426 1594 465 deos

257 490 513 529 acerbissime
546 490 726 530 invidere
752 491 983 530 credebant.
1053 492 1196 531 Totum
1222 493 1324 531 enim
1351 492 1595 543 prooemium

256 556 345 595 libri
369 556 429 608 VI
454 556 641 595 refertum
662 561 725 595 est
743 557 930 607 querellis
954 561 1073 608 atque
1094 558 1331 609 opprobriis,
1360 558 1475 609 quod
1485 557 1594 597 brevi

256 622 446 673 temporis
482 622 614 672 spatio
646 622 699 661 dii
728 623 934 673 coniugem
961 624 1140 674 duosque
1168 635 1218 663 ex
1243 636 1292 665 ea
1316 624 1419 664 filios
1445 623 1595 664 Nostro

256 688 509 738 eripuissent.
563 688 684 728 Cuius
711 689 958 728 infelicitatis
982 701 1141 728 causam
1166 689 1314 731 nullam
1334 701 1431 731 esee
1459 689 1595 729 confir-

257 757 357 799 mat,
399 752 474 791 nisi
503 754 609 803 quod
636 766 760 793 uxore
789 754 1031 793 amatissima
1063 754 1230 806 filiisque
1258 757 1301 797 et
1324 754 1595 807 ingeniosissi-

256 818 329 857 mis
357 822 400 858 et
427 819 512 858 seni
545 819 651 869 patri
691 820 798 859 natis
833 820 948 859 nimis
985 820 1125 859 beatus
1161 819 1297 870 suerit3
1342 820 1484 873 quibus
1511 832 1596 860 cum

255 884 425 923 maximo
453 897 526 923 suo
549 885 689 924 dolore
719 886 875 924 amissis
899 885 1103 925 insidianti
1122 885 1304 925 fortunae
1322 886 1466 926 nullam
1482 886 1596 936 quasi

257 962 395 990 ansam
429 963 519 990 sese
552 952 748 1003 praebere
784 955 823 991 et
859 951 979 990 fatum
1014 955 1268 993 contemnere
1295 963 1430 1003 posse.
1492 951 1597 991 Ecce

257 1016 482 1065 opinionem
509 1017 632 1063 illam,
666 1029 740 1067 per
767 1021 889 1056 totam
913 1030 1042 1067 paene
1071 1017 1347 1067 antiquitatem
1372 1020 1597 1067 vagantem.

258 1080 338 1126 Sed
372 1082 629 1136 acerbissima
663 1082 915 1133 aegritudine
944 1082 1207 1130 Quintilianus
1240 1082 1470 1130 tenebatur,
1513 1093 1596 1121 cum

256 1147 327 1186 illa
355 1148 562 1195 scriberet,
589 1161 719 1199 neque
744 1153 876 1188 tamen
903 1153 1050 1187 certum
1075 1149 1125 1188 de
1147 1149 1222 1188 hac
1241 1160 1286 1189 re
1304 1147 1489 1191 iudicium
1508 1160 1596 1198 pro-

256 1213 363 1251 ferre
392 1213 525 1253 audet.
568 1213 634 1252 Sic
663 1214 765 1253 enim
793 1214 935 1252 eodem
964 1215 1169 1264 prooemio
1197 1214 1296 1254 dicit
1322 1212 1442 1265 §.102
1471 1212 1598 1261 „Esse

256 1278 395 1317 nescio
424 1292 560 1328 quam,
590 1291 690 1330 quae
718 1291 813 1329 spes
841 1283 975 1318 tantas
1003 1279 1212 1330 decerpat,
1240 1278 1438 1323 invidiam,
1465 1289 1515 1317 ne
1541 1277 1595 1316 vi-

258 1343 406 1383 delicet
432 1345 553 1390 ultra,
597 1358 711 1396 quam
744 1345 889 1384 homini
925 1344 1058 1384 datum
1086 1349 1165 1393 est,
1210 1348 1349 1396 nostra
1376 1342 1596 1395 provehan-

258 1410 412 1458 tur“*).
1429 1443 1431 1446 .

359 1475 625 1515 Transeamus
660 1476 710 1514 ad
744 1476 964 1527 relv'qionem.
1000 1499 1050 1505 —
1086 1476 1337 1527 Religionem
1370 1474 1446 1514 diis
1484 1485 1597 1525 prae·

258 1540 439 1579 stantiam
466 1553 558 1580 esse
588 1542 691 1581 sicut
718 1554 906 1593 nusquam
934 1543 1083 1582 diserte
1111 1542 1224 1587 dicit,
1260 1541 1317 1580 ita
1342 1541 1447 1579 hanc
1475 1538 1598 1578 fuisse

257 1607 489 1653 Quintiliani
519 1608 756 1646 sententiam
783 1619 833 1646 ex
859 1607 1016 1647 iudiciis
1045 1608 1094 1646 de
1122 1607 1199 1646 diis
1227 1610 1406 1657 apparet.
1452 1605 1598 1644 Verum

256 1673 457 1712 enimvero
485 1685 509 1712 a
535 1673 733 1724 religione
767 1674 1000 1724 superstitio
1039 1674 1197 1712 multum
1231 1672 1373 1712 differt.
1426 1671 1600 1717 v111‚.3‚

255 1738 327 1778 35:
355 1739 455 1788 „Est
481 1739 601 1778 etiam
630 1751 731 1789 quae
757 1740 936 1790 περιεργία
963 1744 1141 1784 vocatur,
1170 1749 1437 1789 supervacua,
1464 1740 1508 1775 ut
1542 1737 1600 1776 sic

257 1804 421 1843 dixerim
450 1805 697 1855 operositas,
739 1809 783 1844 ut
808 1817 832 1844 a
860 1805 1043 1855 diligenti
1072 1805 1249 1844 curiosus
1286 1807 1328 1842 et
1354 1816 1379 1842 a
1404 1802 1599 1853 religione
1648 1791 1657 1797 ⁷

257 1871 486 1919 superstitio
511 1871 674 1909 distat.⁴⁴
726 1870 963 1920 Superstitio
990 1870 1146 1921 ratione
1176 1868 1384 1919 purganda
1409 1871 1481 1911 est.
1509 1866 1601 1913 ΧΠ,

254 1936 291 1979 2.
316 1936 358 1975 3:
387 1936 543 1985 „Fortis
571 1936 659 1985 erit,
688 1936 754 1986 qui
781 1939 905 1975 metus
933 1935 1098 1980 doloris,
1126 1934 1276 1980 mortis,
1305 1932 1601 1984 superstitionis

254 2001 364 2041 nulla
389 2002 546 2041 ratione
574 2002 856 2052 purgaverit?⁴⁴
884 2001 994 2046 X,7,
1023 2000 1088 2040 14:
1125 1999 1236 2048 „Nec
1274 1998 1422 2038 fortuiti
1457 2010 1600 2037 sermo-

338 2117 371 2157 ἐξ)
417 2117 479 2155 VI,
502 2127 552 2160 pr.
579 2117 623 2154 Ι’1,
655 2118 686 2159 (,,
690 2116 775 2149 Nam
806 2117 931 2149 frustra
961 2115 1049 2147 mala
1076 2114 1190 2147 omnia
1217 2113 1260 2146 ad
1289 2113 1416 2156 crimen
1444 2112 1601 2146 fortunae

255 2168 479 2211 relegamus⁴
461 2171 494 2207 ⁴‚l
528 2179 626 2211 quem
660 2168 771 2201 locum
805 2169 954 2201 fortasse
990 2166 1032 2198 ad
1063 2166 1170 2198 hanc
1184 2175 1253 2197 rem
1282 2154 1521 2207 explicandam
1543 2162 1600 2195 ad-

256 2229 390 2251 sumere
415 2193 509 2257 velis,
531 2219 610 2251 mihi
633 2219 768 2260 quidem
793 2230 857 2251 non
881 2219 1024 2250 idonens
1049 2216 1192 2248 videtur.
1238 2213 1323 2247 Nam
1347 2215 1377 2246 si
1401 2213 1602 2246 vocabulum

256 2269 425 2306 „⁴⁶frustra
449 2278 511 2301 nos
535 2268 623 2300 ohne
648 2269 766 2300 Grund
790 2271 1018 2305 verteremus,
1042 2266 1159 2309 opinio
1189 2263 1391 2306 Quintiliani
1413 2263 1507 2296 sicut
1527 2272 1602 2294 cum

256 2321 374 2351 nostra
396 2318 438 2350 de
461 2318 523 2351 hac
547 2329 583 2351 re
605 2319 849 2365 persuasione
855 2318 956 2361 plane
979 2318 1204 2358 congrueret,
1233 2315 1284 2348 ita
1307 2313 1483 2351 omnibus,
1513 2322 1603 2359 quae

254 2369 368 2410 priore
396 2371 494 2410 parte
524 2368 689 2410 prooemii
712 2368 807 2400 dicta
828 2370 945 2406 erant,
968 2367 1084 2400 subito
1107 2366 1325 2408 repugnaret.
1368 2362 1482 2403 Quare
1507 2362 1601 2405 equi-

256 2418 331 2450 dem
365 2420 462 2450 verto
497 2421 669 2456 umsoust,
706 2418 738 2450 id
775 2419 845 2456 est,
879 2417 967 2449 ohne
1000 2416 1145 2454 Zweck,
1178 2414 1211 2446 id
1234 2413 1324 2457 quod
1345 2423 1421 2446 cum
1445 2411 1603 2456 sequenti

257 2469 510 2502 enuntiatione:
547 2469 676 2507 „Nemi
705 2469 772 2502 nisi
802 2479 865 2501 sua
890 2468 992 2511 culpa
1017 2467 1074 2500 din
1103 2465 1236 2504 dolet‘⁴,
1268 2464 1388 2497 melius
1417 2463 1602 2497 consentit.

257 2519 361 2562 Apud
390 2519 625 2562 Spaldingium
660 2519 702 2550 de
731 2519 796 2551 hoe
825 2518 903 2551 loco
933 2518 1014 2550 nihil
1047 2516 1169 2549 inveni.
1192 2534 1231 2540 —
1253 2515 1339 2548 Item
1362 2514 1458 2547 locus
1481 2514 1539 2561 ille
1560 2514 1603 2548 de

261 2569 337 2608 diis,
363 2580 462 2613 quem
486 2569 549 2608 111,
572 2569 600 2607 7,
623 2569 703 2601 7-9
731 2568 1033 2611 deprehendimus,
1062 2558 1106 2599 ad
1127 2568 1279 2599 nostram
1302 2556 1538 2608 quaestionem
1560 2564 1604 2596 de

260 2620 325 2652 diis
348 2620 433 2653 facit
456 2619 547 2652 nihil.
592 2619 755 2652 Ostendit
783 2619 890 2655 enim,
923 2617 1092 2660 quomodo
1124 2615 1311 2649 secundum
1343 2614 1501 2656 vulgares
1529 2613 1602 2657 opi-

261 2672 383 2706 niones
399 2670 444 2702 dii
460 2669 619 2704 laudandi
636 2669 714 2709 sint,
732 2668 881 2711 nihilque
901 2668 990 2701 valet
1005 2667 1071 2700 ad
1063 2666 1172 2713 ipsius
1182 2664 1383 2710 Quintiliani
1397 2664 1602 2710 opinionem.
