1777 3029
887 159 945 204 23²

242 279 447 330 utriusque
465 280 609 331 gentis.
635 302 691 308 —-
713 280 782 320 De·
801 280 995 319 affinitate
1014 284 1055 319 et
1073 292 1227 323 conexu
1249 279 1426 330 quodum⁴
1445 278 1583 320 uti-ius-

244 357 322 395 que
361 345 522 396 linguae
543 356 644 385 ‘cum
683 349 772 386 tota
809 346 1024 396 antiquitas
1064 349 1142 385 tum
1176 344 1440 393 Quintilianus
1478 341 1583 387 haud
1624 351 1626 353 '

244 408 535 458 dubitaverunt,
576 410 669 459 quin
697 410 940 454 Graecorum
967 415 1009 450 et
1033 400 1262 451 Latinorum
1293 421 1423 461 sermo
1449 408 1583 459 aliquo

242 473 362 513 modo
394 473 498 512 inter
534 485 579 513 se
613 474 844 515 cohaereat.
895 475 1062 519 Rectam
1089 474 1245 526 quidem
1278 486 1439 515 causam
1463 465 1585 517 huius

244 539 510 590 cognationis,
545 551 662 590 quam
693 541 943 580 recentiores
970 541 1154 580 ¹homines
1188 540 1299 580 docti
1324 550 1451 591 nuper
1471 532 1583 580 inve-

243 607 396 655 nerunt,
424 608 584 644 veteres
611 605 783 644 nondum
810 606 1099 660 intelligebant.
1147 606 1288 656 Itaque
1322 605 1440 644 etiam
1467 604 1584 651 Quiu-

242 671 404 710 tilianus
431 670 649 709 Romanum
681 683 903 711 sermonem
935 672 1104 711 maxima
1138 684 1188 712 ex
1215 675 1332 723 par-te
1367 684 1391 710 a
1418 670 1584 711 Graecis

245 748 336 787 esse
380 747 615 783 conversum
653 736 817 785 putavit.
870 737 902 784 I,
929 738 965 785 5,
992 737 1054 776 58.
1115 737 1377 783 Quamobrem
1417 740 1459 775 et
1495 736 1584 786 ipse

245 801 441 851 quaedam
468 799 666 848 vocabula
679 800 823 840 Latina
841 814 862 840 e
882 802 1051 841 Graccis
1082 801 1202 851 ducit,
1229 801 1339 840 velut
1358 803 1581 847 „tenor-em·

245 861 293 904 ex
320 866 402 911 illo,
430 866 536 914 quod
567 864 667 903 τόνον
695 866 839 905 Graeci
875 870 1031 914 vocant,
1066 866 1256 916 „agrum“
1284 879 1307 904 e
1335 866 1492 905 Graeco
1519 878 1585 904 vo·

245 930 388 968 cabulo
422 928 542 979 ἀγρός,
576 934 618 968 et
652 931 719 968 alii
759 931 939 970 homines
974 931 1083 969 docti
1121 932 1240 970 etiam
1281 930 1585 971 declinationem

244 995 472 1034 Latinorum
498 995 706 1034 verborum
734 996 786 1034 ad
813 996 1059 1035 Graecorum
1084 996 1294 1049 imaginem
1330 995 1492 1035 formari
1518 1008 1583 1034 vo-

243 1061 414 1108 luerunt,
442 1064 486 1098 ut
506 1066 657 1111 „pater,
685 1061 841 1111 patris“
867 1062 1039 1112 positum
1064 1074 1155 1100 esse
1182 1061 1470 1117 confirmarent,
1498 1072 1585 1102 cum

245 1126 400 1168 Graece
436 1126 636 1164 diceretur
669 1127 798 1177 πατήρ,
838 1126 988 1177 πατρός,
1028 1128 1100 1166 sed
1142 1118 1283 1177 „aper‘,
1317 1127 1442 1177 apri,“
1482 1126 1584 1177 quia,

243 1192 391 1243 κάπρος,
426 1191 571 1242 κάπρου,
594 1192 800 1231 haberent.
852 1193 883 1241 I,
911 1193 946 1241 6,
976 1194 1035 1233 13.
1062 1215 1113 1221 —-
1141 1193 1291 1246 Tamen
1321 1193 1363 1232 in
1387 1192 1464 1231 hac
1490 1204 1583 1243 quo-

246 1269 322 1307 que
351 1257 586 1306 quaestione
619 1269 699 1295 non
731 1258 772 1295 in
805 1262 1037 1297 transcursu
1056 1261 1113 1296 >et
1146 1258 1277 1296 obiter
1307 1270 1390 1297 rem
1422 1261 1583 1302 tractat,

245 1322 319 1360 sed
353 1321 471 1361 altius
499 1322 710 1362 descendit
742 1334 906 1374 eamque
935 1324 1157 1363 accuratius
1188 1323 1390 1374 perquirit.
1442 1323 1584 1373 Itaque

244 1387 428 1426 Latinum
455 1400 677 1427 sermonem
706 1401 756 1427 ex
773 1390 943 1428 Aeolico
972 1401 1123 1439 genere
1149 1389 1328 1428 discendi
1355 1394 1395 1428 et
1420 1389 1584 1429 maxime

246 1452 488 1492 declinatum
508 1456 550 1492 et
576 1453 613 1492 ci
632 1453 867 1503 simillimum
887 1467 980 1494 esse
1001 1454 1219 1495 contendit.
1264 1454 1296 1503 I,
1323 1455 1359 1501 6,
1385 1455 1446 1495 37.
1481 1453 1584 1501 Quo-

244 1531 330 1557 rum
357 1518 525 1557 alterum
551 1519 707 1569 quidem
732 1524 843 1560 recte
872 1521 950 1560 dici
973 1524 1121 1570 potest.

349 1583 431 1623 Sed
471 1588 771 1635 praevertamur
811 1586 862 1624 ad
901 1586 1028 1636 ipsum
1062 1585 1305 1625 Graecorum
1345 1595 1584 1634 sermonem

247 1662 363 1700 quem
387 1651 555 1689 maxime
582 1663 607 1689 a
631 1650 775 1691 Latino
803 1652 963 1691 differre
991 1651 1124 1702 copia,
1159 1651 1426 1702 proprietate,
1462 1650 1586 1693 sacili·

245 1720 351 1761 tate,
375 1715 620 1755 iucunditate
648 1717 858 1757 existimat.

350 1781 464 1834 Copta
490 1781 678 1832 imprimis
705 1782 889 1822 dialectis
917 1782 1097 1822 efficitur
1123 1780 1212 1832 XII,
1233 1774 1291 1831 10,
1309 1782 1379 1822 343
1406 1783 1486 1831 „At
1503 1781 1586 1821 -illis

246 1842 451 1899 (Graecis)
483 1860 565 1886 non
591 1848 711 1887 modo
738 1848 960 1895 veiborum,
986 1848 1059 1887 sed
1085 1835 1309 1899 linguarum
1336 1848 1456 1888 etiam
1481 1847 1587 1887 inter

246 1926 291 1954 se
320 1913 583 1953 differentium
608 1913 727 1964 copia
752 1914 853 1953 est.“
904 1913 1084 1961 Quarum
1111 1913 1375 1968 Quintilianus
1400 1912 1587 1963 Atticam,

245 1979 445 2028 Doricam,
472 1979 660 2023 Ionicum,
688 1979 895 2018 Aeolicam
922 1982 1214 2019 commemorat.
1245 1978 1357 2026 vlu,
1374 1978 1412 2028 3,
1434 1977 1497 2018 59.
1535 1978 1589 2017 At

244 2045 309 2084 hic
335 2057 454 2083 unam
480 2044 624 2092 omisit,
650 2057 740 2084 nam
761 2057 811 2084 ex
841 2045 929 2085 aliis
956 2045 1056 2085 locis
1079 2047 1250 2094 constat,
1274 2044 1446 2095 quinque
1464 2042 1589 2087 fuisse

246 2111 430 2151 Graecae
456 2111 616 2163 linguae
641 2123 805 2162 genera.
831 2110 903 2160 XI,
922 2111 958 2161 2,
985 2111 1054 2151 50:
1082 2110 1295 2161 „Ceterum
1315 2106 1502 2161 quantum
1522 2120 1588 2148 uu·

245 2181 335 2215 tura
374 2177 587 2227 studioque
628 2177 765 2216 valeat
799 2176 1006 2226 memoria,
1048 2177 1114 2215 vel
1142 2175 1434 2216 Themistocles
1460 2174 1589 2225 testis,

247 2255 362 2292 quem
388 2254 506 2280 unum
531 2242 640 2281 iutra
666 2254 811 2281 annum
838 2243 986 2293 optime
1013 2242 1189 2281 locutum
1207 2253 1297 2281 esse
1313 2241 1479 2280 Persice
1497 2251 1589 2279 een-

248 2311 347 2357 stau
374 2308 440 2347 vel
465 2308 727 2358 Mithridates,
756 2308 818 2347 cui
847 2308 945 2347 duas
971 2311 1013 2346 et
1038 2307 1181 2358 viginti
1208 2307 1377 2358 linguas,
1406 2309 1590 2355 quotna·

247 2373 422 2412 tionibus
448 2373 684 2422 imperabat,
711 2373 879 2412 traditur
904 2377 1021 2413 notas
1049 2373 1191 2422 fuisse;
1232 2372 1297 2411 vel
1326 2371 1496 2411 Crassus
1522 2370 1591 2409 ille

249 2437 375 2488 dives,
403 2437 480 2488 qui,
509 2450 594 2478 cum
619 2439 741 2479 Asiae
770 2443 998 2490 praeesset,
1027 2438 1199 2491 quinque
1224 2436 1370 2477 Graeci
1397 2435 1591 2477 sermonis

249 2503 493 2542 differentias
529 2504 587 2542 sic
621 2505 765 2552 tenuit,
809 2509 871 2553 ut,
915 2517 992 2554 qua
1021 2504 1186 2555 quisque
1215 2503 1321 2553 apud
1347 2514 1436 2541 eum
1459 2501 1595 2553 lingua

249 2568 516 2620 postulasset,
557 2568 697 2607 eadem
731 2569 792 2608 ius
828 2569 904 2608 sibi
929 2569 1125 2608 redditum
1152 2567 1316 2608 ferret.“
1353 2565 1459 2608 ‚VaL
1485 2565 1591 2608 Max.

248 2634 361 2680 VIII,
390 2635 425 2679 7,
453 2635 496 2673 6:
541 2634 652 2682 „Iam
678 2635 723 2673 P.
753 2634 943 2682 Crassus,
979 2646 1067 2673 eum
1091 2635 1132 2672 in
1156 2634 1293 2673 Asiam
1321 2633 1373 2671 ad
1399 2632 1591 2675 Aristoni·
