1777 3029
859 147 924 189 ‘11

238 277 362 318 opere
403 269 524 309 verba
559 272 848 309 contemneres.
906 269 1071 310 Discere
1112 273 1243 310 autem
1286 272 1488 311 ceratinas
1532 275 1573 311 et
1652 261 1694 292 ’Ἀ

239 333 386 373 soritas
411 338 454 373 et
479 335 789 389 pseudomenus,
815 335 941 375 verba
966 339 1152 376 contorta
1178 341 1220 376 et
1245 337 1478 382 fidicularia,
1506 350 1571 376 ne-

210 397 401 450 'glegere
427 412 525 439 vero
551 399 695 440 cultum
723 400 918 441 orationis
945 405 988 440 et
1006 402 1244 453 gravitatem
1266 406 1306 442 et
1325 403 1574 442 maiestatem

238 467 282 503 et
314 465 482 514 gratiam
516 469 558 504 et
588 465 776 514 nitorem,
810 466 886 505 hoe
919 467 1070 505 indicat
1094 467 1204 517 loqui
1231 471 1272 506 te
1299 481 1412 518 quam
1440 469 1574 518 eloqui

122 534 124 536 ’
204 555 209 559 -
236 528 353 570 malle
379 542 615 570 murmurare
643 531 844 582 potius.et
870 532 1072 583 friguttire
1100 544 1215 583 quam
1242 533 1469 584 clangere.“
1522 533 1572 573 ef.

236 595 332 636 ibid.
366 596 484 647 epist.
516 597 553 646 9,
579 597 615 636 5.
642 598 687 637 6.··
708 598 766 636 10.
819 596 858 636 Η
886 609 908 636 e
944 598 1223 638 contentiones
1256 599 1360 637 inter
1389 598 1572 637 rhetores

186 609 921 717 *effla
944 666 1165 712 temporum
1192 663 1439 712 conditione,
1469 676 1571 713 quae

237 726 342 777 apud
374 726 577 767 Romanos
610 728 686 766 iam
719 727 862 767 dudum
896 728 1097 767 rhetorica
1130 729 1262 768 studia
1294 729 1427 767 mirum
1453 742 1572 780 quan-

222 795 316 831 tum
344 793 517 842 fovebat,
542 793 613 840 (ef.
643 792 746 832 Gell.
771 793 803 841 Ι,
829 793 864 843 9,
894 793 952 832 10.
980 793 1132 840 XVIII.
1160 794 1195 842 7,
1224 794 1351 844 1-3),
1381 806 1495 844 quam
1523 807 1573 833 ex

237 857 405 908 privatis
431 857 641 899 inimicitiis
666 862 733 898 aut
758 859 891 910 aliqua
908 858 1136 899 adulatione
1157 859 1357 899 effluxisse
1379 860 1572 899 videntur.

341 923 420 964 Sed
447 929 696 966 transeamus
722 926 775 965 ad
801 925 929 976 ipsam
948 925 1178 972 Quintiliani
1196 925 1485 975 philosophiam
1504 938 1569 964 ex-

237 990 473 1039 ponendam,
503 1003 581 1041 qua
600 992 640 1030 in
655 1003 698 1030 re
712 995 888 1030 veterem
901 989 1009 1028 illam
1022 991 1277 1040 partitionem
1294 990 1571 1040 philosophiae

238 1067 314 1106 ego
341 1068 498 1107 quoque
520 1069 674 1107 sequar.
700 1060 745 1101 nt
763 1055 954 1107 deinceps
969 1054 1170 1107 physicen,
1197 1056 1365 1099 ethicen,
1392 1056 1571 1095 dialecti-

209 1134 214 1138 ·
238 1133 310 1160 een
336 1125 515 1162 tractem.

663 1225 785 1287 caput
808 1225 840 1263 1.
890 1225 946 1263 De
977 1225 1149 1288 physice.

340 1302 507 1352 Physice
537 1303 715 1344 continet
739 1302 996 1353 quaestiones
1022 1307 1117 1352 tres,
1147 1304 1196 1342 de
1224 1303 1312 1351 diis,
1341 1303 1391 1341 de
1416 1279 1561 1341 mundo

240 1367 290 1407 de
318 1367 485 1407 homine.
537 1368 774 1419 Incipiamus
801 1381 825 1408 a
850 1368 956 1409 diis.

752 1448 786 1488 1.
848 1448 916 1487 De
950 1448 1058 1487 diis.

289 1527 292 1529 ·
342 1513 444 1554 Esse
478 1514 577 1554 deos
611 1514 675 1553 vel
710 1514 867 1566 potius
872 1526 1014 1554 numen
1037 1514 1234 1565 quoddam
1261 1514 1449 1562 divinum,
1496 1525 1573 1552 om·

205 1612 208 1615 ,
237 1580 340 1619 nium
378 1579 573 1618 hominum
613 1592 811 1620 consensu
843 1580 1108 1627 Quintilianus
1149 1579 1374 1628 adducitur,
1418 1583 1460 1618 ut
1498 1591 1572 1629 pro

218 1645 359 1684 certis
385 1645 542 1683 habeat.
596 1646 645 1695 V,
673 1646 730 1693 10,
762 1645 1405 1708 mw—
1432 1656 1498 1692 ea,
1518 1645 1574 1682 in

237 1722 340 1762 quae
367 1710 558 1750 communi
582 1710 769 1762 opinione
797 1722 1032 1751 consensum
1059 1714 1121 1750 est
1129 1710 1417 1784 ,μς-βω,
1461 1721 1573 1759 prae-

205 1799 208 1801 ·
237 1775 418 1817 standam
441 1776 632 1826 pietatem
658 1777 932 1827 parentibusf‘
990 1776 1070 1815 Sed
1098 1775 1213 1825 quale
1235 1775 1330 1813 illud
1350 1787 1493 1814 numen
1511 1775 1572 1826 sit,

236 1841 479 1891 Quintiliano
511 1854 592 1882 non
625 1841 744 1892 plane
777 1841 913 1893 liquet.
940 1841 1041 1887 XII,
1067 1842 1103 1891 2,
1131 1841 1156 1880 2
1181 1844 1412 1888 vocantur,
1417 1840 1494 1889 ‚fidu
1501 1852 1574 1878 tm·

219 1907 445 1946 mos-enlm}
490 1906 530 1955 („
533 1907 691 1945 Virtute
719 1907 896 1946 homines
925 1908 976 1954 ad
1003 1908 1101 1946 deos
1127 1906 1370 1944 immortales
1397 1905 1575 1955 proxime

209 1972 458 2013 accedun&
463 1972 489 2020 ‘)
516 1972 615 2011 Item
634 1971 725 2020 XII,
753 1973 812 2020 ll,
839 1972 900 2012 30.
928 1973 970 2021 (,,
973 1971 1123 2017 Orandi
1148 1971 1347 2019 maiestas,
1376 1983 1453 2021 qna
1482 1970 1576 2009 nihil

217 2038 293 2078 nii
316 2038 558 2077 immortales
583 2038 726 2076 melius
747 2038 891 2076 homini
919 2037 1171 2083 dederunt.“)
1201 2035 1271 2082 VI,
1299 2048 1358 2085 pr.
1373 2036 1399 2073 4
1425 2035 1520 2085 (‚‘‚-÷
1535 2036 1576 2074 si

234 2103 323 2155 ‚quis
347 2103 388 2142 in
420 2115 485 2143 me·
508 2102 608 2142 alius
632 2114 726 2142 usus
752 2102 881 2150 vocis,
927 2113 1041 2153 qnam
1075 2105 1122 2148 ut,
1146 2101 1331 2140 incusem
1366 2100 1467 2146 deos
1513 2112 1574 2140 su-

208 2201 212 2204 .
236 2173 395 2220 perstas
421 2168 861 2214 omnium:meo1·um‘.>⁴‘)
912 2168 982 2216 VI,
1009 2180 1068 2217 pr.
1095 2168 1121 2205 3
1145 2166 1274 2214 (Quid
1300 2179 1404 2205 nune
1426 2168 1575 2216 agam?

231 2239 308 2274 ,ant
333 2234 588 2285 quem'ultra..
601 2224 692 2272 esse
726 2245 836 2273 usum
868 2232 962 2281 mei,
992 2232 1084 2271 -diis
1100 2228 1443 2283 repugnantibus,
1493 2227 1574 2271 cre-

208 2332 212 2336 »
237 2301 412 2348 dam‘W).
438 2312 447 2334 ·.
477 2300 584 2339 Mala
617 2310 723 2338 vero>
739 2299 810 2337 -ubi
836 2311 870 2337 a
895 2298 1031 2337 divino
1058 2298 1224 2336 numine*
1241 2297 1465 2336 hominibus
1490 2296 1576 2336 dari

238 2365 345 2413 dicit,
373 2363 602 2416 plerumque
624 2364 714 2403 aliis
740 2363 945 2403 vocabulis
972 2363 1105 2401 utitur.
1132 2362 1350 2413 v·1,vpr.-.1.
1378 2362 1493 2409 (Fata
1520 2362 1575 2399 in-

221 2429 703 2482 jercipiunthominem.)
754 2430 790 2468 2.
818 2428 1032 2477 amm-tuna
1056 2440 1116 2467 me
1145 2428 1275 2468 subito
1300 2425 1576 2478 p1·ostravit.“)

220 2491 529 2544 '8:(Insi‘dians
548 2493 740 2546 fortuna.)
768 2494 827 2533 14.
856 2493 1037 2542 (Frustra
1063 2493 1167 2532 mala
1194 2493 1325 2533 omnia
1350 2493 1402 2531 ad
1429 2492 1576 2531 crimen

234 2563 422 2603 fortunae
443 2560 697 2613 relegamus.)
724 2558 1301 2612 15.,(Imperitanslfortuna.).
1331 2559 1436 2598 Aliis
1462 2558 1571 2606 locis,

236 2628 304 2672 abi
329 2628 565 2673 benevolam
584 2628 892 2680 ,sapientemque
908 2625 1225 2670 *esse-divinam
1250 2629 1494 2679 potestatem
1521 2628 1577 2668 te-
