1777 3029
848 189 902 230 82

207 309 418 347 honestum
447 308 509 356 sit,
538 309 699 348 efficere
726 310 767 348 in
796 311 927 349 animo
956 323 1026 349 suo
1055 311 1342 351 constituerit.“
1394 308 1484 359 XII,
1511 311 1547 359 2,

210 374 246 412 6.
273 374 315 412 7:
360 374 640 422 „Quapropter
665 374 766 412 haec
794 374 1019 413 exhortatio
1046 387 1135 414 mea
1165 388 1244 414 non
1282 387 1331 414 eo
1363 376 1548 438 pertinet,

207 442 250 477 ut
268 450 359 477 esse
378 441 576 477 oratorem
602 437 880 489 philosophum
905 439 1033 488 velim,
1062 442 1221 491 quando
1240 454 1320 481 non
1342 441 1423 480 alia
1438 440 1545 480 vitae

209 506 321 542 secta
359 503 517 551 longius
555 515 580 541 a
622 502 804 542 civilibus
833 503 976 543 officiis
1012 508 1131 555 atque
1165 505 1216 545 ab
1250 506 1355 545 omni
1387 517 1549 544 munere

188 569 380 608 oratoris
407 568 589 608 recessit.
641 567 742 607 Num
766 569 852 619 quis
880 569 1207 622 philosophorum
1233 574 1302 610 aut
1325 571 1365 609 in
1392 570 1549 610 iudiciis

206 635 395 683 frequens
426 637 496 672 aut
522 634 654 673 clarus
687 634 726 672 in
752 634 1005 674 contionibus
1032 636 1136 676 fuit?
1170 636 1268 684 Quis
1302 635 1473 686 denique
1508 635 1548 674 in

205 701 306 750 ipsa,
344 711 461 749 quam
494 699 661 738 maxime
698 699 878 750 plerique
905 701 1169 752 praecipiunt,
1203 701 1447 752 reipublicae
1480 701 1549 739 ad-

204 765 495 804 ministratione
533 769 717 804 versatus
751 766 842 805 est?
874 767 1004 817 Atque
1033 779 1110 818 ego
1137 767 1256 815 illum,
1292 778 1407 816 quem
1439 767 1549 805 insti—

204 834 287 878 tuo,
325 829 541 868 Romanum
579 831 774 879 quendam
808 831 923 869 velim
961 843 1052 870 esse
1081 833 1321 882 sapientem,
1365 832 1430 883 qui
1468 844 1550 870 non

206 895 374 935 secretis
397 895 743 946 disputationibus,
772 896 845 935 sed
863 909 992 936 rerum
1013 897 1296 948 experimentis
1316 901 1436 948 atque
1455 909 1548 948 ope-

205 962 313 1000 ribus
341 973 436 999 vere
464 958 621 999 civilem
648 962 773 1000 virum
801 962 1024 1001 exhibeat.“

308 1026 423 1065 Haec
467 1027 553 1065 sere
585 1031 711 1076 erant,
755 1039 855 1077 quae
884 1028 934 1066 de
960 1024 1164 1078 posti-ema
1190 1031 1304 1078 parte
1331 1027 1482 1066 ethices
1509 1027 1551 1065 in

204 1092 443 1138 Quintiliani
465 1092 569 1131 libro
597 1093 731 1131 inveni
758 1097 879 1142 atque
907 1093 1067 1143 collegi.
1386 1094 1389 1097 ’

218 1159 223 1162 “
306 1158 368 1195 De
397 1157 536 1196 morali
574 1157 829 1209 philosophia
856 1159 939 1197 sive
970 1159 1022 1197 de
1060 1160 1189 1198 ethice
1218 1158 1382 1205 disserit
1406 1155 1551 1197 Noster

204 1223 297 1271 XII,
326 1224 362 1263 2.
395 1223 553 1263 15—20.
612 1223 722 1270 Quae
750 1237 825 1263 nos
852 1224 943 1263 huic
970 1224 1207 1275 disciplinae
1244 1223 1424 1264 subiecta
1456 1232 1549 1262 esse

204 1290 384 1333 dicimus,
413 1301 464 1327 ea
491 1289 624 1327 omnia
658 1290 764 1339 apud
791 1290 1074 1337 Quintilianum
1106 1303 1264 1340 quoque
1286 1288 1548 1339 deprehendi·

203 1367 301 1394 mus.
364 1354 537 1393 Primum
574 1354 676 1393 enim
716 1358 1075 1395 commemorantur
1113 1357 1309 1395 tractatus
1348 1353 1465 1404 aequi
1502 1364 1549 1391 ac

203 1420 311 1468 boni,
339 1420 509 1468 honesti,
538 1421 638 1458 recti
667 1421 860 1470 pravique
888 1422 924 1469 ξ.
954 1421 1013 1460 15.
1042 1421 1101 1467 16,
1127 1421 1272 1460 deinde
1291 1419 1549 1469 quaestiones

204 1487 254 1524 de
282 1485 450 1529 iustitia,
483 1485 736 1529 fortitudine,
765 1485 1030 1531 abstinentia,
1072 1485 1353 1536 temperantia,
1384 1483 1549 1533 pietate,

203 1551 307 1600 aliis,
337 1550 370 1602 ἓ.
402 1550 473 1601 17.,
499 1555 706 1601 postremo
735 1551 992 1602 quaestiones
1018 1551 1114 1591 iuris
1134 1551 1262 1590 omnis
1289 1553 1326 1600 ἓ.
1351 1551 1415 1597 20,
1443 1560 1545 1601 quae

204 1618 338 1657 omnia
357 1640 359 1643 -
380 1617 574 1667 deinceps
613 1617 763 1656 nostris
803 1616 981 1667 partibus
1026 1617 1211 1668 subiungi
1252 1629 1375 1668 posse
1418 1615 1546 1667 quivis

200 1683 322 1722 videt.
378 1682 437 1722 De
465 1693 619 1722 conexu
654 1682 805 1722 ethices
844 1686 885 1721 et
917 1682 1102 1733 physices
1127 1682 1207 1722 vid.
1235 1695 1274 1733 p.
1304 1682 1351 1722 17
1387 1684 1489 1722 extr·

606 1786 694 1833 cap.
721 1784 796 1823 111.
848 1784 903 1823 De
931 1785 1148 1824 dialectice.

305 1864 399 1912 XII,
437 1866 473 1913 2,
514 1863 675 1903 10—14.
735 1863 985 1904 Dialecticen
1011 1864 1277 1912 Quintilianus
1310 1863 1548 1903 rationalem

202 1931 497 1981 philosophiam
530 1930 614 1968 sive
650 1930 949 1980 disputan-icem
982 1930 1173 1980 appellat.
1229 1930 1379 1978 „Tota
1411 1929 1548 1979 inquit,

202 2000 388 2037 versatur
411 1996 451 2036 in
479 1995 666 2037 verbis.“.
703 1994 915 2035 Dialectici
942 1995 1044 2035 enim
1077 1999 1142 2036 est
1176 1999 1244 2045 „et
1276 1994 1548 2047 proprietates

205 2063 317 2103 vocis
345 2063 536 2112 cuiusque
565 2073 687 2101 nosse
710 2065 754 2100 et
779 2061 964 2113 ambigua
990 2061 1147 2112 aperire
1183 2065 1226 2101 et
1249 2061 1446 2112 perplexa
1467 2061 1548 2100 dis·

204 2141 372 2168 cernere
403 2133 446 2168 et
459 2129 513 2167 dc
533 2127 649 2166 falsis
667 2127 843 2168 iudicare
863 2131 905 2167 et
921 2126 1114 2179 colligere
1131 2139 1181 2167 ac
1201 2127 1419 2176 resolvere,
1447 2138 1548 2177 quae

194 2195 347 2235 *velisf‘
374 2193 522 2243 „Utilis
541 2205 666 2243 saepe
690 2193 795 2242 (scil.
816 2192 1044 2245 dialectice)
1063 2197 1104 2233 et
1127 2193 1370 2233 finitionibus
1387 2197 1432 2232 et
1446 2204 1550 2231 com-

204 2259 538 2312 prehensionibus
564 2261 607 2298 et
632 2259 880 2310 separandis,
909 2272 1010 2311 quae
1038 2263 1131 2299 sunt
1156 2258 1395 2319 differentia,
1421 2261 1467 2298 et
1487 2270 1549 2297 re·

206 2327 403 2366 solvenda.
435 2325 694 2375 ambiguitate
730 2326 1032 2376 distinguendo,
1068 2325 1301 2370 dividendo,
1332 2323 1548 2369 illiciendo.

204 2391 485 2443 implicando.“
513 2419 515 2421 -
539 2389 724 2430 Ceterum
752 2394 915 2442 praeter
947 2391 1051 2430 hunc
1078 2391 1209 2431 locum
1242 2390 1285 2429 in
1305 2388 1550 2439 :Quintiliani

203 2458 307 2497 libro
326 2458 377 2498 de
395 2456 607 2497 dialectice
629 2457 725 2496 nihil
739 2457 886 2503 inveni,
912 2457 991 2497 nisi
1016 2457 1122 2498 sorte
1148 2456 1262 2502 vul,
1287 2456 1315 2496 3
1332 2454 1549 2504 similioqfle

203 2525 281 2565 huo
306 2523 456 2572 trahas,
483 2524 591 2574 quod
616 2526 740 2575 caput
754 2523 974 2568 finitionem
997 2522 1154 2574 quidem
1176 2524 1340 2567 tractat,
1363 2520 1439 2560 sed
1463 2527 1550 2559 ora·

205 2589 349 2632 teriam
366 2591 530 2638 tantum,
556 2601 774 2641 parumque
792 2589 895 2628 facit
921 2588 974 2628 ad
987 2587 1178 2632 finitionis
1195 2587 1397 2632 notionem
1423 2585 1550 2642 ipsam

205 2667 284 2711 que
311 2654 517 2711 rationem
