1777 3029
855 163 858 166 *
868 139 925 181 m

235 259 376 301 malos.
427 260 522 311 XII,
550 262 585 311 7,
616 262 649 304 1.
676 263 719 303 3:
747 262 817 312 „Iu
845 262 985 313 quibus
1010 262 1296 315 (suscipiendis
1325 264 1473 315 causis)
1500 265 1565 304 de-

235 326 402 367 fendere
445 327 601 378 quidem
636 325 731 368 reos
775 329 958 379 profecto
1001 341 1118 379 quam
1161 330 1298 369 facere
1341 331 1402 369 vir
1440 331 1567 370 bouus

235 392 376 442 malet,
410 404 489 432 non
522 396 654 433 tamen
686 394 745 433 ita
776 406 920 434 nomen
952 394 1079 445 ipsum
1106 396 1352 435 accusatoris
1379 396 1567 445 horrebit,

234 460 279 496 ut
309 457 419 496 nullo
449 469 579 508 neque
612 459 772 509 publico
804 471 933 510 neque
968 460 1126 511 privato
1159 461 1250 500 duci
1275 461 1407 511 possit
1432 461 1567 500 officio

234 524 277 561 ut
302 521 473 572 aliquem
495 522 546 561 ad
573 523 815 562 reddendam
839 524 1035 564 rationem
1058 525 1166 564 vitae
1186 529 1319 564 vocet.
1333 547 1383 553 —
1403 526 1568 575 „Itaque

211 591 278 626 vut
304 588 592 631 accusatoriam
618 589 738 629 vitam
763 589 901 630 vivere
924 593 966 630 et
992 590 1044 630 ad
1069 590 1314 631 deferendos
1339 602 1434 631 reos
1452 602 1565 642 prae-

233 653 312 692 mio
338 653 447 702 duci,
473 654 691 704 proximum
717 655 930 697 latrocinio
957 658 1041 694 est:
1073 656 1132 694 ita
1156 660 1311 706 pestem
1337 656 1566 695 intestinam

232 718 486 770 propulsare,
519 731 606 759 eum
639 719 1002 771 propugnatoribus
1039 720 1192 770 patriae
1222 721 1566 772 comparandum.“

334 784 424 824 Iure
462 789 652 825 constant
677 786 779 837 loyes.
832 784 944 834 „Lex
971 785 1098 825 omnis
1136 789 1205 826 aut
1228 786 1366 826 tribuit
1391 790 1461 826 aut
1484 786 1565 826 adi-

234 849 306 889 mit
331 853 401 889 aut
425 851 539 901 punit
563 854 635 890 aut
659 850 771 890 iubet
787 853 857 889 aut
871 853 985 890 vetat
1002 853 1070 889 aut
1086 851 1316 902 permittit⁴‘.
1359 852 1451 901 VII,
1473 852 1510 901 5,
1529 852 1566 891 5.

231 915 352 965 Atqui
384 916 509 955 verba
545 915 675 967 legum
707 916 904 961 interdum
942 916 1114 956 obseura
1153 920 1221 956 aut
1254 917 1436 968 ambigua
1475 929 1565 957 esse

231 983 412 1031 possunt.
461 980 660 1029 Quarein
686 981 840 1033 legibus
867 980 1035 1032 „scripti
1068 985 1110 1020 et
1137 981 1355 1022 voluntatis
1384 982 1565 1033 frequen-

231 1045 387 1085 tissima
401 1045 506 1086 inter
523 1046 727 1086 consultos
755 1046 939 1097 quaestio
954 1047 1054 1085 est“.
1083 1046 1144 1086 De
1165 1059 1242 1097 qua
1258 1059 1303 1087 re
1323 1048 1407 1098 agit
1426 1048 1566 1097 V11‚6.

231 1111 402 1150 Maxime
432 1111 675 1151 voluntatem
701 1111 948 1162 legislatoris
967 1112 1225 1162 spectandam
1253 1124 1345 1152 esse
1371 1114 1566 1161 ostendit;

231 1188 323 1215 nam
349 1179 392 1215 et
418 1177 483 1227 qui
505 1177 749 1216 voluntatem
776 1179 819 1215 et
836 1175 903 1227 qui
924 1175 1055 1226 ipsum
1081 1176 1269 1228 seriptum
1296 1178 1490 1226 defendit,
1518 1190 1566 1216 ea

231 1241 378 1282 nititur.
433 1242 542 1293 VIII,
569 1243 605 1292 6,
631 1242 677 1282 9:
711 1241 820 1292 „Sed
850 1245 906 1291 ut,
934 1241 1000 1292 qui
1026 1241 1231 1281 voluntate
1259 1243 1418 1293 nitetur,
1445 1244 1564 1294 scrip-

231 1312 323 1357 tum,
358 1308 540 1359 quotiens
567 1309 726 1360 poterit,
763 1307 958 1348 infirmwe
985 1308 1166 1349 debebit:
1203 1309 1261 1348 ita
1285 1309 1350 1360 qui
1377 1309 1565 1360 seriptum

230 1373 414 1424 tuebitur,
449 1375 636 1415 adiuvare
671 1386 714 1415 se
743 1374 863 1414 etiam
888 1374 1094 1414 voluntate
1127 1375 1377 1425 temptabit.“
1408 1397 1459 1402 —
1496 1374 1565 1414 Se-

231 1441 364 1491 quenti
398 1453 519 1492 porro
551 1440 684 1492 capite
716 1441 830 1491 leges
868 1437 974 1478 inter
1003 1439 1114 1490 ipsas
1147 1440 1369 1479 contrarias
1404 1443 1565 1480 tractat.

231 1506 444 1556 „Omnibus
472 1510 602 1546 autem
620 1506 871 1546 manifestum
897 1507 971 1555 est,
998 1518 1193 1556 nunquam
1222 1517 1313 1546 esse
1338 1505 1466 1557 legem
1484 1506 1565 1557 legi

229 1567 471 1612 contrariam
494 1571 579 1611 iure
607 1572 712 1623 ipso,
740 1573 845 1623 quia,
875 1573 909 1612 si
935 1572 1132 1611 diversum
1161 1571 1222 1609 ius
1250 1575 1370 1619 esset,
1399 1571 1564 1611 alterum

229 1638 360 1678 altero
386 1639 659 1690 abrogaretur,
687 1638 761 1678 sed
788 1649 858 1677 eas
885 1649 984 1677 casu·
1007 1635 1142 1676 collidi
1164 1640 1211 1675 ,et
1228 1637 1410 1676 eventu.“
1450 1636 1565 1677 Ouod

228 1716 313 1743 oum
337 1704 418 1753 fiat,
444 1704 541 1743 item
559 1704 823 1743 recedendum
850 1715 943 1743 esse
970 1704 1022 1742 ad
1038 1702 1285 1753 legislatoris
1308 1702 1563 1743 voluntatem.

330 1768 412 1810 Sed
438 1769 522 1810 fere
547 1768 752 1821 plurimum
778 1769 890 1809 valet
915 1768 1099 1820 quaestio
1131 1768 1184 1807 de
1210 1767 1296 1807 iure
1330 1768 1381 1807 ad
1408 1779 1466 1806 res
1492 1774 1565 1820 pu-

225 1835 349 1876 blicas.
404 1835 538 1883 Quare
564 1836 778 1886 videamus,
805 1847 907 1888 quae
934 1836 985 1876 de
1009 1835 1130 1875 rebus
1165 1833 1333 1886 publicis
1360 1833 1563 1881 Quintilia-

226 1912 300 1940 nus
327 1901 511 1941 senserit.
940 1929 944 1931 -
1086 1946 1088 1948 ,

325 1966 573 2017 Hominibus,
610 1969 742 2007 mente
767 1978 815 2006 ao
842 1965 996 2006 ratione
1022 1966 1228 2018 praeditis.
1261 1964 1464 2016 indignum
1488 1968 1562 2013 est,

227 2032 330 2073 sieut
359 2032 517 2073 bestiae
554 2032 644 2072 sine
668 2032 866 2071 societate
901 2035 942 2071 et
967 2042 1121 2072 conexu
1147 2031 1317 2081 quodam
1342 2030 1463 2069 vitam
1497 2031 1563 2069 de·

218 2107 336 2149 'ger-e,
371 2098 607 2149 praesertim
642 2109 728 2136 oum
761 2097 881 2136 etiam
916 2096 1113 2136 bestiolae
1148 2096 1343 2146 quaedam
1376 2096 1480 2135 bene
1506 2096 1561 2134 in-

225 2167 414 2203 structam
441 2163 675 2202 sooietatem
701 2163 808 2205 inter
833 2174 878 2202 se
912 2161 1169 2212 coniungant.
1222 2161 1272 2210 V,
1306 2162 1358 2210 ΙΙ,
1391 2162 1459 2201 242
1487 2182 1561 2211 ‚‚—-

226 2229 261 2270 si
287 2229 339 2269 ad
365 2240 500 2268 euram
515 2228 760 2280 reipublicae
778 2227 966 2277 horteris,
994 2227 1199 2276 ostendas,
1226 2237 1326 2277 apes
1346 2227 1466 2266 etiam
1484 2228 1562 2266 for-

224 2296 445 2346 micasque,
480 2302 560 2335 non
592 2293 725 2334 modo
744 2296 853 2333 muta
880 2293 952 2332 sed
979 2292 1100 2332 etiam
1127 2304 1252 2343 parva
1281 2292 1487 2344 animalia,
1522 2293 1563 2332 in

225 2364 429 2400 commune
455 2364 589 2400 tamen
613 2359 842 2399 laborare.“

327 2426 468 2466 Rerum
489 2424 724 2478 publicarum
748 2425 892 2476 formae
917 2428 1011 2465 sunt
1030 2428 1127 2465 tres.
1179 2424 1229 2474 V,
1252 2424 1312 2475 10,
1338 2424 1408 2465 632
1434 2423 1561 2474 „Divi-

215 2492 339 2531 vsione
378 2495 509 2530 antem
550 2490 728 2534 adiuvari
764 2490 1001 2530 finitionem>
1024 2490 1145 2531 ,docet
1177 2489 1358 2540 (Cicero)
1397 2501 1560 2539 eamque

222 2558 384 2598 differre
407 2569 434 2597 a
457 2556 688 2608 partitione,
723 2556 832 2608 quod
863 2556 964 2596 haee
987 2555 1054 2596 -sit
1081 2555 1202 2595 totius
1235 2555 1276 2594 in
1308 2557 1460 2606 partes,
1492 2554 1562 2593 illa

222 2623 383 2679 generis
408 2623 448 2662 in
476 2623 638 2666 formas.
688 2622 835 2667 Partes
860 2622 1035 2665 incertas
1070 2633 1181 2672 esse,
1216 2624 1259 2661 ut
1285 2621 1443 2672 Quibus
1469 2632 1558 2662 oon-
