1777 3029
875 140 929 180 30

224 262 266 297 et
295 259 468 299 fortasse
494 261 666 310 antiquis
694 262 811 301 etiam
837 262 1035 307 nobilibus
1063 262 1209 302 ortos.“
1261 260 1366 310 (scil.
1393 260 1564 310 servos.)

223 326 295 375 ΙΙΙ,
323 327 360 371 8,
386 327 448 365 31.
477 327 527 365 cf.
555 326 955 378 1uv.X1V,15-17:
982 325 1136 377 „Mitem
1170 327 1335 366 animum
1365 330 1405 367 et
1430 338 1561 367 mores

223 392 390 430 modicis
418 392 617 431 erroribus
642 404 792 443 aequos
811 393 1017 443 Praecipit
1039 397 1157 443 atque
1185 394 1334 432 animas
1361 405 1563 432 servorum

224 461 266 496 et
293 469 466 508 corpora
501 460 639 496 nostra
664 457 835 496 Materia
861 461 1049 497 constare
1081 461 1196 509 putat
1220 458 1458 509 paribusque
1486 458 1563 497 ele-

222 522 366 561 mentis
378 522 409 571 ;“
437 544 487 550 -
513 521 607 562 Sen.
636 523 751 572 epist.
770 523 833 574 47.
862 523 912 561 de
939 523 1028 561 ben.
1057 523 1129 572 111,
1155 524 1217 571 28,
1242 524 1327 562 init.
1354 545 1405 552 —
1431 524 1564 562 Liberi

223 598 319 625 vero
347 590 414 625 aut
440 587 587 626 divitiis
612 591 679 636 aut
702 587 911 626 nobilitate
940 587 1138 627 differunt.
1191 587 1251 627 De
1279 600 1357 638 qua
1381 600 1425 627 re
1453 600 1564 640 egre·

220 652 304 702 gie:
341 652 516 701 „Omnia,
551 652 689 702 inquit,
724 664 827 702 quae
860 656 975 691 extra
1013 665 1088 692 nos
1120 654 1228 691 bona
1260 657 1352 692 sunt
1385 665 1563 703 quaeque

224 717 447 755 hominibus
474 716 580 756 forte
607 718 848 768 obtigerunt,
883 731 963 757 non
990 717 1082 757 ideo
1106 718 1331 767 laudantur,
1366 718 1472 768 quod
1500 718 1562 757 ha-

220 782 350 821 buerit
378 783 464 833 quis
493 795 552 827 ea,
581 783 653 822 sed
681 784 786 834 quod
810 783 872 823 his
899 784 1068 824 honeste
1096 784 1148 824 sit
1173 797 1278 824 usus.
1332 783 1434 824 Nam
1468 784 1563 823 divi-

220 849 300 888 tiae
328 852 369 888 et
394 849 578 899 potentia
607 853 649 888 et
675 850 824 900 gratia,
860 861 948 889 cum
983 850 1187 900 plurimum
1221 850 1359 888 virium
1395 850 1493 888 dent
1523 850 1563 888 in

220 919 426 965 utramque
462 918 628 965 partem,
669 916 924 956 certissimum
960 917 1111 956 faciunt
1143 929 1290 956 morum
1322 917 1563 968 experimen-

219 985 310 1030 tum,
353 985 422 1020 aut
449 981 551 1020 enim
579 981 765 1020 meliores
791 985 960 1033 propter
984 982 1083 1021 haec
1111 986 1179 1021 aut
1212 982 1371 1033 peiores
1398 982 1564 1022 sumus.“

219 1046 291 1095 III,
322 1047 357 1090 7,
397 1047 455 1086 13.
486 1047 545 1086 14.
569 1046 619 1085 cf.
646 1047 717 1096 111,
745 1047 780 1095 7,
811 1047 869 1085 10.
901 1048 948 1086 13
974 1047 1077 1087 init:
1112 1048 1240 1097 „Ante
1273 1047 1469 1087 hominem
1493 1060 1562 1099 pa-

224 1111 301 1150 tria
329 1124 378 1150 ac
403 1115 595 1162 parentes
622 1112 881 1162 maioresque·
901 1116 1026 1161 erunt,
1056 1125 1216 1162 quorum
1244 1112 1392 1163 duplex
1418 1116 1563 1152 tracta-

218 1182 283 1216 tus
311 1181 393 1216 est:
423 1180 491 1216 aut
521 1178 622 1216 enim
649 1178 910 1228 respondisse
937 1178 1135 1217 nobilitati
1153 1178 1356 1229 pulchrum
1383 1179 1470 1228 erit,
1497 1182 1565 1218 aut

221 1244 400 1282 humilius
433 1255 558 1293 genus
595 1244 822 1283 illustrasse
862 1244 994 1283 sactis.
1033 1265 1084 1272 —
1121 1244 1322 1294 „Fortuna
1352 1256 1450 1284 vero
1483 1247 1562 1283 tum

200 1330 202 1333 ·
224 1309 457 1359 dignitatem
485 1309 612 1351 affert,
640 1313 683 1347 ut
708 1309 748 1347 in
760 1309 937 1359 -regibus
954 1309 1279 1360 principibusque
1298 1308 1482 1360 (namque
1501 1313 1565 1349 est

222 1376 322 1415 haec
351 1376 518 1415 materia
544 1375 819 1414 ostendendae
845 1375 1001 1415 virtutis
1037 1375 1240 1426 uberior.),
1274 1378 1354 1414 tum
1388 1388 1465 1426 qno
1496 1375 1560 1414 mi-

216 1453 336 1479 nores
372 1453 472 1491 opes
508 1441 683 1489 fuerunt,
718 1440 907 1479 maiorem
942 1442 1043 1480 bene
1079 1441 1198 1480 factis
1228 1441 1395 1492 gloriam
1422 1440 1562 1491 parit.“

217 1506 265 1554 V,
296 1507 353 1555 11,
382 1507 427 1547 5:
462 1506 576 1556 „Hoc
603 1507 643 1545 in
671 1506 830 1546 testium
856 1506 1169 1557 interrogatione
1205 1506 1312 1545 valet
1343 1506 1560 1557 plurimum,

215 1572 255 1610 in
284 1573 465 1611 oratione
506 1576 702 1622 perpetua
734 1571 924 1611 dissimile
960 1576 1044 1621 est;
1084 1572 1231 1612 etenim
1271 1572 1346 1611 sibi
1367 1572 1465 1623 ¹ipse
1501 1584 1559 1611 re-

215 1638 390 1687 spondet
408 1640 557 1677 orator.
601 1637 717 1684 Quod
744 1649 899 1687 pomum
918 1637 1292 1687 generosissimum?
1318 1641 1428 1688 puto,
1455 1637 1561 1688 quod

216 1704 424 1753 optimum3
441 1706 482 1742 et
510 1704 665 1754 equus?
693 1703 759 1753 qui
780 1703 1070 1744 velocissimus:
1096 1704 1154 1742 ita
1170 1703 1378 1752 hominum,
1396 1715 1478 1742 non
1496 1702 1562 1753 qui

216 1770 400 1809 claritate
428 1769 622 1809 nascendi
662 1768 735 1808 sed
764 1768 830 1819 qui
870 1769 1017 1809 virtute
1052 1769 1219 1809 maxime
1262 1769 1434 1808 excellet
1483 1766 1557 1818 ΧΙ,

216 1837 250 1881 1,
278 1836 451 1876 86—88:
476 1836 602 1884 „lllud
630 1835 750 1874 etiam
777 1836 817 1874 in
843 1836 944 1875 iocis
970 1836 1114 1880 monui,
1148 1848 1263 1887 quam
1295 1835 1424 1886 turpis
1450 1839 1562 1875 esset

216 1901 401 1941 fortunae
427 1901 656 1950 insectatio,
686 1906 728 1939 et
750 1913 801 1940 ne
827 1901 868 1940 in
895 1905 1005 1942 totos
1033 1902 1195 1941 ordines
1223 1905 1292 1941 aut
1323 1904 1467 1953 gentes
1493 1904 1561 1940 aut

214 1968 387 2019 populos
414 1967 639 2018 petulantia
656 1967 889 2007 incurreret.
945 1967 1026 2007 Sed
1053 1967 1208 2007 interim
1230 1967 1331 2007 fides
1349 1966 1560 2018 patrocinii

215 2034 327 2084 cogit
361 2033 557 2083 quaedam
599 2033 648 2070 de
689 2033 874 2072 universo
916 2044 1066 2083 genere
1104 2033 1326 2083 aliquorum
1362 2032 1559 2071 homiuum

214 2099 361 2144 diccre,
386 2098 659 2138 libertinorum
687 2098 752 2136 vel
769 2098 932 2137 militum
949 2098 1013 2137 vel
1040 2098 1338 2149 publicanorum
1363 2098 1430 2137 vel
1456 2097 1557 2138 simi-

213 2165 307 2204 liter
333 2165 509 2204 aliorum.
550 2165 609 2203 vIu
638 2164 779 2215 quibus
807 2164 988 2204 omnibus
1016 2162 1221 2204 com'muue
1246 2164 1457 2204 remedium
1485 2167 1559 2212 est,

212 2234 258 2269 ut
285 2243 343 2280 ea,
371 2243 474 2282 quae
501 2230 677 2280 laedunt,
705 2242 783 2268 nou
810 2230 981 2269 libenter
998 2233 1173 2270 tractare
1196 2230 1390 2279 videm-11³3
1416 2240 1492 2269 nec
1517 2229 1558 2268 in

214 2297 345 2336 omnia
370 2297 559 2348 impetum
593 2296 720 2336 facias
748 2295 821 2335 sed
847 2296 887 2334 in
913 2295 966 2345 id,
1003 2295 1109 2347 quod
1144 2295 1447 2347 expugnandum
1474 2298 1557 2345 est;

214 2367 256 2401 et
282 2362 584 2413 reprehendens
612 2362 692 2401 alia
712 2362 829 2400 laude
856 2373 1113 2412 compenses:
1159 2362 1193 2400 si
1219 2361 1385 2412 cupidos
1412 2360 1558 2399 milites

214 2428 346 2477 dicas,
387 2428 460 2468 sed
495 2441 575 2467 non
619 2428 775 2476 mirum,
814 2427 920 2478 quod
959 2427 1225 2478 periculorum
1265 2437 1314 2465 ac
1351 2425 1557 2476 sanguinis

213 2493 364 2531 maiora
389 2493 463 2531 sibi
489 2494 627 2532 deberi
644 2493 823 2543 praemia
849 2496 1007 2543 putent;
1035 2492 1198 2532 eosdem
1216 2491 1457 2541 petulantes,
1485 2491 1557 2530 sed

214 2558 291 2598 hoc
316 2558 414 2607 fieri,
443 2558 549 2609 quod
574 2558 690 2598 bellis
705 2558 830 2610 magis
859 2570 976 2609 quam
994 2557 1086 2609 paci
1104 2555 1367 2597 assueverint.
1420 2555 1555 2596 Liber-

209 2623 305 2665 tinis
333 2622 581 2665 detrahenda
608 2627 671 2665 est
696 2624 932 2677 auctoritas;
965 2623 1063 2666 licet
1092 2623 1141 2664 iis
1168 2620 1437 2664 testimonium
1463 2621 1551 2665 τεᾶν
