<?xml version="1.0" encoding="UTF-8"?>
<!DOCTYPE html PUBLIC "-//W3C//DTD XHTML 1.0 Transitional//EN"
    "http://www.w3.org/TR/xhtml1/DTD/xhtml1-transitional.dtd">
<html xmlns="http://www.w3.org/1999/xhtml" xml:lang="en" lang="en">
 <head>
  <title>
</title>
<meta http-equiv="Content-Type" content="text/html;charset=utf-8" />
  <meta name='ocr-system' content='tesseract 3.04.00' />
  <meta name='ocr-capabilities' content='ocr_page ocr_carea ocr_par ocr_line ocrx_word'/>
</head>
<body>
  <div class='ocr_page' id='page_1' title='image "4771432_0013.png"; bbox 0 0 1777 3029; ppageno 0'>
   <div class='ocr_carea' id='block_1_1' title="bbox 876 204 933 246">
    <p class='ocr_par' dir='ltr' id='par_1_1' title="bbox 876 204 933 246">
     <span class='ocr_line' id='line_1_1' title="bbox 876 204 933 246; baseline 0 -34"><span class='ocrx_word' id='word_1_1' title='bbox 876 204 933 246; x_wconf 53' lang='grc'><strong>7,,</strong></span> 
     </span>
    </p>
   </div>
   <div class='ocr_carea' id='block_1_2' title="bbox 172 324 1556 518">
    <p class='ocr_par' dir='ltr' id='par_1_2' title="bbox 172 324 1556 518">
     <span class='ocr_line' id='line_1_2' title="bbox 221 324 898 377; baseline 0.001 -13"><span class='ocrx_word' id='word_1_2' title='bbox 221 324 375 366; x_wconf 85' lang='lat' dir='ltr'><strong>toribus</strong></span> <span class='ocrx_word' id='word_1_3' title='bbox 402 328 563 377; x_wconf 51' lang='lat' dir='ltr'><strong>partem&gt;</strong></span> <span class='ocrx_word' id='word_1_4' title='bbox 583 327 805 377; x_wconf 72' lang='lat' dir='ltr'><strong>occupasse</strong></span> <span class='ocrx_word' id='word_1_5' title='bbox 872 338 898 365; x_wconf 88' lang='lat' dir='ltr'><strong>u</strong></span> 
     </span>
     <span class='ocr_line' id='line_1_3' title="bbox 265 390 1556 445; baseline 0.004 -16"><span class='ocrx_word' id='word_1_6' title='bbox 265 390 275 400; x_wconf 87' lang='lat'><strong><em>&#39;</em></strong></span> <span class='ocrx_word' id='word_1_7' title='bbox 339 417 378 435; x_wconf 85' lang='lat'><strong>.,</strong></span> <span class='ocrx_word' id='word_1_8' title='bbox 463 403 487 440; x_wconf 62' lang='grc' dir='ltr'><strong>ρι</strong></span> <span class='ocrx_word' id='word_1_9' title='bbox 542 394 691 443; x_wconf 37' lang='grc' dir='ltr'><strong>χροῒΜω</strong></span> <span class='ocrx_word' id='word_1_10' title='bbox 723 391 763 430; x_wconf 89' lang='lat' dir='ltr'><strong>in</strong></span> <span class='ocrx_word' id='word_1_11' title='bbox 790 395 928 432; x_wconf 80' lang='lat' dir='ltr'><strong>nostra</strong></span> <span class='ocrx_word' id='word_1_12' title='bbox 953 392 1119 432; x_wconf 83' lang='lat' dir='ltr'><strong>materia</strong></span> <span class='ocrx_word' id='word_1_13' title='bbox 1143 394 1390 434; x_wconf 84' lang='lat' dir='ltr'><strong>versentur.“</strong></span> <span class='ocrx_word' id='word_1_14' title='bbox 1440 393 1492 444; x_wconf 83' lang='lat' dir='ltr'><strong>X,</strong></span> <span class='ocrx_word' id='word_1_15' title='bbox 1522 395 1556 445; x_wconf 82' lang='lat'><strong>1,</strong></span> 
     </span>
     <span class='ocr_line' id='line_1_4' title="bbox 172 435 1554 518; baseline 0.003 -23"><span class='ocrx_word' id='word_1_16' title='bbox 172 435 725 518; x_wconf 56' lang='lat' dir='ltr'><strong>‘Whilosophorum</strong></span> <span class='ocrx_word' id='word_1_17' title='bbox 752 469 849 498; x_wconf 86' lang='lat' dir='ltr'><strong>vero</strong></span> <span class='ocrx_word' id='word_1_18' title='bbox 873 457 1060 507; x_wconf 84' lang='lat' dir='ltr'><strong>lectione,</strong></span> <span class='ocrx_word' id='word_1_19' title='bbox 1084 463 1129 498; x_wconf 86' lang='lat' dir='ltr'><strong>ut</strong></span> <span class='ocrx_word' id='word_1_20' title='bbox 1146 463 1284 500; x_wconf 77' lang='lat' dir='ltr'><strong>essent</strong></span> <span class='ocrx_word' id='word_1_21' title='bbox 1300 460 1423 500; x_wconf 85' lang='lat' dir='ltr'><strong>multa</strong></span> <span class='ocrx_word' id='word_1_22' title='bbox 1438 460 1554 500; x_wconf 84' lang='lat' dir='ltr'><strong>nobis</strong></span> 
     </span>
    </p>
   </div>
   <div class='ocr_carea' id='block_1_3' title="bbox 192 518 1556 642">
    <p class='ocr_par' dir='ltr' id='par_1_3' title="bbox 192 518 1556 642">
     <span class='ocr_line' id='line_1_5' title="bbox 220 518 1555 584; baseline 0.002 -22"><span class='ocrx_word' id='word_1_23' title='bbox 220 523 407 575; x_wconf 81' lang='lat' dir='ltr'><strong>petenda,</strong></span> <span class='ocrx_word' id='word_1_24' title='bbox 434 523 532 563; x_wconf 81' lang='lat' dir='ltr'><strong>vitio</strong></span> <span class='ocrx_word' id='word_1_25' title='bbox 556 523 700 563; x_wconf 84' lang='lat' dir='ltr'><strong>factum</strong></span> <span class='ocrx_word' id='word_1_26' title='bbox 720 522 784 564; x_wconf 84' lang='lat' dir='ltr'><strong>est</strong></span> <span class='ocrx_word' id='word_1_27' title='bbox 801 527 1014 573; x_wconf 84' lang='lat' dir='ltr'><strong>oratorum,</strong></span> <span class='ocrx_word' id='word_1_28' title='bbox 1071 525 1110 564; x_wconf 88' lang='lat' dir='ltr'><strong>ui</strong></span> <span class='ocrx_word' id='word_1_29' title='bbox 1157 520 1390 584; x_wconf 50' lang='lat' dir='ltr'><strong>ufflfiffilniss„</strong></span> <span class='ocrx_word' id='word_1_30' title='bbox 1405 518 1555 577; x_wconf 84' lang='lat' dir='ltr'><strong>optima</strong></span> 
     </span>
     <span class='ocr_line' id='line_1_6' title="bbox 192 537 1556 642; baseline 0.001 -14"><span class='ocrx_word' id='word_1_31' title='bbox 192 537 1247 641; x_wconf 45' lang='lat' dir='ltr'><strong>We-wfflffied</strong></span> <span class='ocrx_word' id='word_1_32' title='bbox 1274 580 1378 642; x_wconf 61' lang='lat' dir='ltr'><strong>quiz?</strong></span> <span class='ocrx_word' id='word_1_33' title='bbox 1391 581 1556 631; x_wconf 57' lang='lat' dir='ltr'><strong>deffita</strong></span> 
     </span>
    </p>
   </div>
   <div class='ocr_carea' id='block_1_4' title="bbox 164 643 1583 2337">
    <p class='ocr_par' dir='ltr' id='par_1_4' title="bbox 164 643 1583 2337">
     <span class='ocr_line' id='line_1_7' title="bbox 222 643 1555 707; baseline 0.002 -15"><span class='ocrx_word' id='word_1_34' title='bbox 222 654 272 692; x_wconf 87' lang='lat' dir='ltr'><strong>ab</strong></span> <span class='ocrx_word' id='word_1_35' title='bbox 299 643 377 703; x_wconf 83' lang='lat' dir='ltr'><strong>his,</strong></span> <span class='ocrx_word' id='word_1_36' title='bbox 406 655 475 705; x_wconf 89' lang='lat' dir='ltr'><strong>qui</strong></span> <span class='ocrx_word' id='word_1_37' title='bbox 502 667 546 695; x_wconf 92' lang='lat' dir='ltr'><strong>se</strong></span> <span class='ocrx_word' id='word_1_38' title='bbox 572 656 624 694; x_wconf 87' lang='lat' dir='ltr'><strong>ad</strong></span> <span class='ocrx_word' id='word_1_39' title='bbox 650 656 915 707; x_wconf 75' lang='lat' dir='ltr'><strong>eloquentiam</strong></span> <span class='ocrx_word' id='word_1_40' title='bbox 942 651 1207 705; x_wconf 79' lang='lat' dir='ltr'><strong>contuleruut,</strong></span> <span class='ocrx_word' id='word_1_41' title='bbox 1243 657 1374 695; x_wconf 86' lang='lat' dir='ltr'><strong>studia</strong></span> <span class='ocrx_word' id='word_1_42' title='bbox 1400 657 1555 707; x_wconf 88' lang='lat' dir='ltr'><strong>sapien·</strong></span> 
     </span>
     <span class='ocr_line' id='line_1_8' title="bbox 221 719 1555 772; baseline 0.001 -13"><span class='ocrx_word' id='word_1_43' title='bbox 221 719 302 759; x_wconf 84' lang='lat' dir='ltr'><strong>tiae</strong></span> <span class='ocrx_word' id='word_1_44' title='bbox 328 732 407 760; x_wconf 91' lang='lat' dir='ltr'><strong>non</strong></span> <span class='ocrx_word' id='word_1_45' title='bbox 433 721 512 759; x_wconf 85' lang='lat' dir='ltr'><strong>iam</strong></span> <span class='ocrx_word' id='word_1_46' title='bbox 537 721 579 760; x_wconf 88' lang='lat' dir='ltr'><strong>in</strong></span> <span class='ocrx_word' id='word_1_47' title='bbox 604 725 694 760; x_wconf 88' lang='lat' dir='ltr'><strong>actu</strong></span> <span class='ocrx_word' id='word_1_48' title='bbox 721 734 792 762; x_wconf 89' lang='lat' dir='ltr'><strong>suo</strong></span> <span class='ocrx_word' id='word_1_49' title='bbox 820 726 939 772; x_wconf 87' lang='lat' dir='ltr'><strong>atque</strong></span> <span class='ocrx_word' id='word_1_50' title='bbox 963 722 1004 761; x_wconf 88' lang='lat' dir='ltr'><strong>in</strong></span> <span class='ocrx_word' id='word_1_51' title='bbox 1030 722 1106 761; x_wconf 87' lang='lat' dir='ltr'><strong>hac</strong></span> <span class='ocrx_word' id='word_1_52' title='bbox 1132 722 1210 761; x_wconf 89' lang='lat' dir='ltr'><strong>fori</strong></span> <span class='ocrx_word' id='word_1_53' title='bbox 1227 722 1316 761; x_wconf 89' lang='lat' dir='ltr'><strong>luce</strong></span> <span class='ocrx_word' id='word_1_54' title='bbox 1335 726 1555 770; x_wconf 79' lang='lat' dir='ltr'><strong>versantur,</strong></span> 
     </span>
     <span class='ocr_line' id='line_1_9' title="bbox 223 784 1557 838; baseline 0.001 -14"><span class='ocrx_word' id='word_1_55' title='bbox 223 785 295 825; x_wconf 87' lang='lat' dir='ltr'><strong>sed</strong></span> <span class='ocrx_word' id='word_1_56' title='bbox 318 784 564 835; x_wconf 85' lang='lat' dir='ltr'><strong>in&#39;porticus</strong></span> <span class='ocrx_word' id='word_1_57' title='bbox 592 791 633 825; x_wconf 89' lang='lat' dir='ltr'><strong>et</strong></span> <span class='ocrx_word' id='word_1_58' title='bbox 658 787 699 825; x_wconf 91' lang='lat' dir='ltr'><strong>in</strong></span> <span class='ocrx_word' id='word_1_59' title='bbox 726 788 931 838; x_wconf 79' lang='lat' dir='ltr'><strong>gymnasia</strong></span> <span class='ocrx_word' id='word_1_60' title='bbox 954 787 1131 837; x_wconf 88' lang='lat' dir='ltr'><strong>primum,</strong></span> <span class='ocrx_word' id='word_1_61' title='bbox 1163 799 1253 825; x_wconf 84' lang='lat' dir='ltr'><strong>mox</strong></span> <span class='ocrx_word' id='word_1_62' title='bbox 1278 787 1318 825; x_wconf 89' lang='lat' dir='ltr'><strong>in</strong></span> <span class='ocrx_word' id='word_1_63' title='bbox 1339 791 1557 826; x_wconf 86' lang='lat' dir='ltr'><strong>conventus</strong></span> 
     </span>
     <span class='ocr_line' id='line_1_10' title="bbox 222 849 1556 907; baseline 0.001 -18"><span class='ocrx_word' id='word_1_64' title='bbox 222 849 446 892; x_wconf 73' lang='lat' dir='ltr'><strong>scholarum</strong></span> <span class='ocrx_word' id='word_1_65' title='bbox 476 855 746 892; x_wconf 79' lang='lat' dir='ltr'><strong>recesserunt:</strong></span> <span class='ocrx_word' id='word_1_66' title='bbox 784 853 826 891; x_wconf 88' lang='lat' dir='ltr'><strong>id</strong></span> <span class='ocrx_word' id='word_1_67' title='bbox 860 852 966 903; x_wconf 87' lang='lat' dir='ltr'><strong>quod</strong></span> <span class='ocrx_word' id='word_1_68' title='bbox 1000 856 1064 892; x_wconf 88' lang='lat' dir='ltr'><strong>est</strong></span> <span class='ocrx_word' id='word_1_69' title='bbox 1096 853 1246 892; x_wconf 86' lang='lat' dir='ltr'><strong>oratori</strong></span> <span class='ocrx_word' id='word_1_70' title='bbox 1277 852 1556 907; x_wconf 85' lang='lat' dir='ltr'><strong>necessarium,</strong></span> 
     </span>
     <span class='ocr_line' id='line_1_11' title="bbox 221 917 1556 969; baseline 0.001 -14"><span class='ocrx_word' id='word_1_71' title='bbox 221 928 303 957; x_wconf 73' lang='lat' dir='ltr'><strong>nec,</strong></span> <span class='ocrx_word' id='word_1_72' title='bbox 332 929 356 955; x_wconf 89' lang='lat' dir='ltr'><strong>a</strong></span> <span class='ocrx_word' id='word_1_73' title='bbox 387 917 547 957; x_wconf 88' lang='lat' dir='ltr'><strong>dicendi</strong></span> <span class='ocrx_word' id='word_1_74' title='bbox 579 918 907 969; x_wconf 80' lang='lat' dir='ltr'><strong>praeceptoribus</strong></span> <span class='ocrx_word' id='word_1_75' title='bbox 940 918 1130 967; x_wconf 80' lang='lat' dir='ltr'><strong>traditur,</strong></span> <span class='ocrx_word' id='word_1_76' title='bbox 1166 918 1217 957; x_wconf 88' lang='lat' dir='ltr'><strong>ab</strong></span> <span class='ocrx_word' id='word_1_77' title='bbox 1252 918 1302 957; x_wconf 87' lang='lat' dir='ltr'><strong>iis</strong></span> <span class='ocrx_word' id='word_1_78' title='bbox 1335 922 1473 968; x_wconf 88' lang='lat' dir='ltr'><strong>petere</strong></span> <span class='ocrx_word' id='word_1_79' title='bbox 1502 918 1556 956; x_wconf 87' lang='lat' dir='ltr'><strong>ni-</strong></span> 
     </span>
     <span class='ocr_line' id='line_1_12' title="bbox 223 980 1556 1034; baseline 0 -13"><span class='ocrx_word' id='word_1_80' title='bbox 223 982 358 1022; x_wconf 86' lang='lat' dir='ltr'><strong>mirum</strong></span> <span class='ocrx_word' id='word_1_81' title='bbox 383 984 644 1032; x_wconf 69' lang='lat' dir='ltr'><strong>necesse&#39;est,</strong></span> <span class='ocrx_word' id='word_1_82' title='bbox 674 982 776 1033; x_wconf 80' lang='lat' dir='ltr'><strong>ap&#39;ud</strong></span> <span class='ocrx_word' id='word_1_83' title='bbox 797 995 897 1034; x_wconf 91' lang='lat' dir='ltr'><strong>quos</strong></span> <span class='ocrx_word' id='word_1_84' title='bbox 914 980 1117 1034; x_wconf 76' lang='lat' dir='ltr'><strong>remansit,</strong></span> <span class='ocrx_word' id='word_1_85' title='bbox 1144 983 1375 1023; x_wconf 83' lang='lat' dir='ltr'><strong>evolvendis</strong></span> <span class='ocrx_word' id='word_1_86' title='bbox 1399 984 1556 1034; x_wconf 87' lang='lat' dir='ltr'><strong>penitus</strong></span> 
     </span>
     <span class='ocr_line' id='line_1_13' title="bbox 225 1048 1557 1100; baseline 0 -13"><span class='ocrx_word' id='word_1_87' title='bbox 225 1048 470 1095; x_wconf 79' lang='lat' dir='ltr'><strong>auctoribus,</strong></span> <span class='ocrx_word' id='word_1_88' title='bbox 505 1049 571 1099; x_wconf 87' lang='lat' dir='ltr'><strong>qui</strong></span> <span class='ocrx_word' id='word_1_89' title='bbox 598 1049 648 1087; x_wconf 91' lang='lat' dir='ltr'><strong>de</strong></span> <span class='ocrx_word' id='word_1_90' title='bbox 676 1048 816 1088; x_wconf 83' lang='lat' dir='ltr'><strong>virtute</strong></span> <span class='ocrx_word' id='word_1_91' title='bbox 843 1049 1130 1100; x_wconf 85' lang='lat' dir='ltr'><strong>praecipiunt.“</strong></span> <span class='ocrx_word' id='word_1_92' title='bbox 1156 1071 1207 1077; x_wconf 91' lang='lat'>—</span> <span class='ocrx_word' id='word_1_93' title='bbox 1233 1049 1353 1099; x_wconf 85' lang='lat' dir='ltr'><strong>Atqui</strong></span> <span class='ocrx_word' id='word_1_94' title='bbox 1379 1054 1557 1099; x_wconf 83' lang='lat' dir='ltr'><strong>apparet,</strong></span> 
     </span>
     <span class='ocr_line' id='line_1_14' title="bbox 164 1114 1558 1164; baseline -0.001 -11"><span class='ocrx_word' id='word_1_95' title='bbox 164 1132 167 1134; x_wconf 54' lang='lat'>&gt;</span> <span class='ocrx_word' id='word_1_96' title='bbox 225 1127 276 1153; x_wconf 82' lang='lat' dir='ltr'><strong>ex</strong></span> <span class='ocrx_word' id='word_1_97' title='bbox 302 1114 378 1153; x_wconf 91' lang='lat' dir='ltr'><strong>hoc</strong></span> <span class='ocrx_word' id='word_1_98' title='bbox 406 1114 515 1153; x_wconf 85' lang='lat' dir='ltr'><strong>fonte</strong></span> <span class='ocrx_word' id='word_1_99' title='bbox 545 1114 833 1164; x_wconf 82' lang='lat' dir='ltr'><strong>philosophiam</strong></span> <span class='ocrx_word' id='word_1_100' title='bbox 859 1126 940 1153; x_wconf 89' lang='lat' dir='ltr'><strong>non</strong></span> <span class='ocrx_word' id='word_1_101' title='bbox 966 1114 1180 1163; x_wconf 85' lang='lat' dir='ltr'><strong>effluxisse,</strong></span> <span class='ocrx_word' id='word_1_102' title='bbox 1208 1115 1445 1164; x_wconf 87' lang='lat' dir='ltr'><strong>praesertim</strong></span> <span class='ocrx_word' id='word_1_103' title='bbox 1473 1126 1558 1153; x_wconf 87' lang='lat' dir='ltr'><strong>cum</strong></span> 
     </span>
     <span class='ocr_line' id='line_1_15' title="bbox 226 1174 1558 1230; baseline -0.002 -11"><span class='ocrx_word' id='word_1_104' title='bbox 226 1180 374 1219; x_wconf 87' lang='lat' dir='ltr'><strong>initium</strong></span> <span class='ocrx_word' id='word_1_105' title='bbox 402 1179 678 1230; x_wconf 80' lang='lat' dir='ltr'><strong>philosophiae</strong></span> <span class='ocrx_word' id='word_1_106' title='bbox 704 1192 784 1218; x_wconf 90' lang='lat' dir='ltr'><strong>non</strong></span> <span class='ocrx_word' id='word_1_107' title='bbox 810 1179 976 1228; x_wconf 87' lang='lat' dir='ltr'><strong>ethicen,</strong></span> <span class='ocrx_word' id='word_1_108' title='bbox 1011 1191 1112 1229; x_wconf 85' lang='lat' dir='ltr'><strong>quae</strong></span> <span class='ocrx_word' id='word_1_109' title='bbox 1132 1178 1376 1226; x_wconf 87' lang='lat' dir='ltr'><strong>Quintiliano</strong></span> <span class='ocrx_word' id='word_1_110' title='bbox 1394 1174 1558 1227; x_wconf 86' lang='lat' dir='ltr'><strong>videtur,</strong></span> 
     </span>
     <span class='ocr_line' id='line_1_16' title="bbox 229 1236 1560 1296; baseline -0.002 -11"><span class='ocrx_word' id='word_1_111' title='bbox 229 1245 301 1285; x_wconf 89' lang='lat' dir='ltr'><strong>sed</strong></span> <span class='ocrx_word' id='word_1_112' title='bbox 330 1245 522 1296; x_wconf 76' lang='lat' dir='ltr'><strong>physicen</strong></span> <span class='ocrx_word' id='word_1_113' title='bbox 554 1245 678 1284; x_wconf 84' lang='lat' dir='ltr'><strong>fuisse</strong></span> <span class='ocrx_word' id='word_1_114' title='bbox 712 1245 891 1284; x_wconf 84' lang='lat' dir='ltr'><strong>sciamus.</strong></span> <span class='ocrx_word' id='word_1_115' title='bbox 946 1244 1192 1284; x_wconf 89' lang='lat' dir='ltr'><strong>Documento</strong></span> <span class='ocrx_word' id='word_1_116' title='bbox 1224 1248 1315 1283; x_wconf 90' lang='lat' dir='ltr'><strong>sunt</strong></span> <span class='ocrx_word' id='word_1_117' title='bbox 1345 1243 1472 1283; x_wconf 87' lang='lat' dir='ltr'><strong>Ionici</strong></span> <span class='ocrx_word' id='word_1_118' title='bbox 1500 1236 1560 1282; x_wconf 87' lang='lat' dir='ltr'><strong>illi</strong></span> 
     </span>
     <span class='ocr_line' id='line_1_17' title="bbox 227 1309 1559 1362; baseline -0.002 -11"><span class='ocrx_word' id='word_1_119' title='bbox 227 1311 466 1362; x_wconf 83' lang='lat' dir='ltr'><strong>philosophi,</strong></span> <span class='ocrx_word' id='word_1_120' title='bbox 494 1322 655 1360; x_wconf 88' lang='lat' dir='ltr'><strong>quorum</strong></span> <span class='ocrx_word' id='word_1_121' title='bbox 682 1310 841 1349; x_wconf 85' lang='lat' dir='ltr'><strong>nomina</strong></span> <span class='ocrx_word' id='word_1_122' title='bbox 868 1310 1011 1348; x_wconf 86' lang='lat' dir='ltr'><strong>afferre</strong></span> <span class='ocrx_word' id='word_1_123' title='bbox 1035 1309 1193 1361; x_wconf 85' lang='lat' dir='ltr'><strong>longum</strong></span> <span class='ocrx_word' id='word_1_124' title='bbox 1221 1313 1294 1349; x_wconf 85' lang='lat' dir='ltr'><strong>est.</strong></span> <span class='ocrx_word' id='word_1_125' title='bbox 1333 1309 1414 1349; x_wconf 88' lang='lat' dir='ltr'><strong>Sed</strong></span> <span class='ocrx_word' id='word_1_126' title='bbox 1441 1311 1559 1349; x_wconf 88' lang='lat' dir='ltr'><strong>etiam</strong></span> 
     </span>
     <span class='ocr_line' id='line_1_18' title="bbox 226 1374 1559 1425; baseline -0.002 -9"><span class='ocrx_word' id='word_1_127' title='bbox 226 1379 300 1416; x_wconf 76' lang='lat' dir='ltr'><strong>lzac</strong></span> <span class='ocrx_word' id='word_1_128' title='bbox 326 1388 423 1415; x_wconf 83' lang='lat' dir='ltr'><strong>vera</strong></span> <span class='ocrx_word' id='word_1_129' title='bbox 447 1375 721 1425; x_wconf 82' lang='lat' dir='ltr'><strong>philosophiae</strong></span> <span class='ocrx_word' id='word_1_130' title='bbox 750 1374 902 1425; x_wconf 86' lang='lat' dir='ltr'><strong>origine</strong></span> <span class='ocrx_word' id='word_1_131' title='bbox 930 1374 1096 1423; x_wconf 87' lang='lat' dir='ltr'><strong>omissa,</strong></span> <span class='ocrx_word' id='word_1_132' title='bbox 1122 1375 1213 1424; x_wconf 90' lang='lat' dir='ltr'><strong>quid</strong></span> <span class='ocrx_word' id='word_1_133' title='bbox 1241 1379 1321 1419; x_wconf 86' lang='lat' dir='ltr'><strong>est,</strong></span> <span class='ocrx_word' id='word_1_134' title='bbox 1349 1376 1456 1425; x_wconf 87' lang='lat' dir='ltr'><strong>quod</strong></span> <span class='ocrx_word' id='word_1_135' title='bbox 1484 1376 1559 1425; x_wconf 87' lang='lat' dir='ltr'><strong>pri-</strong></span> 
     </span>
     <span class='ocr_line' id='line_1_19' title="bbox 227 1439 1560 1491; baseline -0.002 -10"><span class='ocrx_word' id='word_1_136' title='bbox 227 1455 327 1481; x_wconf 84' lang='lat' dir='ltr'><strong>mam</strong></span> <span class='ocrx_word' id='word_1_137' title='bbox 359 1441 467 1480; x_wconf 82' lang='lat' dir='ltr'><strong>illum</strong></span> <span class='ocrx_word' id='word_1_138' title='bbox 502 1440 769 1490; x_wconf 88' lang='lat' dir='ltr'><strong>disciplinam,</strong></span> <span class='ocrx_word' id='word_1_139' title='bbox 804 1452 918 1491; x_wconf 87' lang='lat' dir='ltr'><strong>quam</strong></span> <span class='ocrx_word' id='word_1_140' title='bbox 954 1452 1004 1478; x_wconf 81' lang='lat' dir='ltr'><strong>ex</strong></span> <span class='ocrx_word' id='word_1_141' title='bbox 1032 1439 1261 1490; x_wconf 83' lang='lat' dir='ltr'><strong>eloquentia</strong></span> <span class='ocrx_word' id='word_1_142' title='bbox 1295 1444 1337 1478; x_wconf 87' lang='lat' dir='ltr'><strong>et</strong></span> <span class='ocrx_word' id='word_1_143' title='bbox 1364 1440 1560 1490; x_wconf 83' lang='lat' dir='ltr'><strong>sapientia</strong></span> 
     </span>
     <span class='ocr_line' id='line_1_20' title="bbox 229 1504 1561 1558; baseline -0.003 -11"><span class='ocrx_word' id='word_1_144' title='bbox 229 1506 488 1558; x_wconf 79' lang='lat' dir='ltr'><strong>compositam</strong></span> <span class='ocrx_word' id='word_1_145' title='bbox 522 1505 646 1545; x_wconf 84' lang='lat' dir='ltr'><strong>fuisse</strong></span> <span class='ocrx_word' id='word_1_146' title='bbox 686 1509 817 1556; x_wconf 86' lang='lat' dir='ltr'><strong>putat,</strong></span> <span class='ocrx_word' id='word_1_147' title='bbox 866 1504 1044 1556; x_wconf 86' lang='lat' dir='ltr'><strong>appellet</strong></span> <span class='ocrx_word' id='word_1_148' title='bbox 1082 1505 1375 1555; x_wconf 75' lang='lat' dir='ltr'><strong>eloquentiam?</strong></span> <span class='ocrx_word' id='word_1_149' title='bbox 1426 1505 1561 1556; x_wconf 86' lang='lat' dir='ltr'><strong>quidni</strong></span> 
     </span>
     <span class='ocr_line' id='line_1_21' title="bbox 228 1570 1583 1624; baseline -0.001 -12"><span class='ocrx_word' id='word_1_150' title='bbox 228 1572 502 1624; x_wconf 84' lang='lat' dir='ltr'><strong>philosophiae</strong></span> <span class='ocrx_word' id='word_1_151' title='bbox 536 1571 668 1622; x_wconf 87' lang='lat' dir='ltr'><strong>potius</strong></span> <span class='ocrx_word' id='word_1_152' title='bbox 702 1570 859 1611; x_wconf 85' lang='lat' dir='ltr'><strong>nomine</strong></span> <span class='ocrx_word' id='word_1_153' title='bbox 895 1571 997 1609; x_wconf 83' lang='lat' dir='ltr'><strong>hanc</strong></span> <span class='ocrx_word' id='word_1_154' title='bbox 1030 1570 1296 1622; x_wconf 81' lang='lat' dir='ltr'><strong>disciplinam,</strong></span> <span class='ocrx_word' id='word_1_155' title='bbox 1332 1583 1448 1622; x_wconf 79' lang='lat' dir='ltr'><strong>quam</strong></span> <span class='ocrx_word' id='word_1_156' title='bbox 1482 1571 1583 1622; x_wconf 81' lang='lat' dir='ltr'><strong>qui·&#39;</strong></span> 
     </span>
     <span class='ocr_line' id='line_1_22' title="bbox 229 1636 1561 1687; baseline -0.002 -10"><span class='ocrx_word' id='word_1_157' title='bbox 229 1639 318 1678; x_wconf 90' lang='lat' dir='ltr'><strong>dem</strong></span> <span class='ocrx_word' id='word_1_158' title='bbox 342 1638 418 1677; x_wconf 88' lang='lat' dir='ltr'><strong>sibi</strong></span> <span class='ocrx_word' id='word_1_159' title='bbox 444 1638 532 1687; x_wconf 92' lang='lat' dir='ltr'><strong>ipse</strong></span> <span class='ocrx_word' id='word_1_160' title='bbox 559 1637 740 1686; x_wconf 86' lang='lat' dir='ltr'><strong>finxerat,</strong></span> <span class='ocrx_word' id='word_1_161' title='bbox 768 1636 975 1675; x_wconf 85' lang='lat' dir='ltr'><strong>exornavit</strong></span> <span class='ocrx_word' id='word_1_162' title='bbox 1001 1639 1120 1686; x_wconf 84' lang='lat' dir='ltr'><strong>atque</strong></span> <span class='ocrx_word' id='word_1_163' title='bbox 1149 1649 1173 1675; x_wconf 88' lang='lat' dir='ltr'><strong>a</strong></span> <span class='ocrx_word' id='word_1_164' title='bbox 1197 1636 1445 1687; x_wconf 91' lang='lat' dir='ltr'><strong>philosophis</strong></span> <span class='ocrx_word' id='word_1_165' title='bbox 1473 1638 1561 1687; x_wconf 80' lang='lat' dir='ltr'><strong>pa&#39;r·</strong></span> 
     </span>
     <span class='ocr_line' id='line_1_23' title="bbox 228 1701 1562 1754; baseline -0.002 -11"><span class='ocrx_word' id='word_1_166' title='bbox 228 1709 308 1743; x_wconf 89' lang='lat' dir='ltr'><strong>tem</strong></span> <span class='ocrx_word' id='word_1_167' title='bbox 334 1703 527 1754; x_wconf 86' lang='lat' dir='ltr'><strong>quandam</strong></span> <span class='ocrx_word' id='word_1_168' title='bbox 553 1701 854 1752; x_wconf 84' lang='lat' dir='ltr'><strong>philosophicae</strong></span> <span class='ocrx_word' id='word_1_169' title='bbox 876 1701 1096 1747; x_wconf 85' lang='lat' dir='ltr'><strong>doetrinae,</strong></span> <span class='ocrx_word' id='word_1_170' title='bbox 1121 1713 1264 1752; x_wconf 88' lang='lat' dir='ltr'><strong>nempe</strong></span> <span class='ocrx_word' id='word_1_171' title='bbox 1284 1701 1562 1752; x_wconf 86' lang='lat' dir='ltr'><strong>eloquentiam,</strong></span> 
     </span>
     <span class='ocr_line' id='line_1_24' title="bbox 229 1766 1562 1820; baseline -0.001 -12"><span class='ocrx_word' id='word_1_172' title='bbox 229 1769 450 1820; x_wconf 82' lang='lat' dir='ltr'><strong>neglectum</strong></span> <span class='ocrx_word' id='word_1_173' title='bbox 483 1778 574 1807; x_wconf 89' lang='lat' dir='ltr'><strong>esse</strong></span> <span class='ocrx_word' id='word_1_174' title='bbox 608 1767 721 1815; x_wconf 87' lang='lat' dir='ltr'><strong>dicit,</strong></span> <span class='ocrx_word' id='word_1_175' title='bbox 761 1766 995 1817; x_wconf 88' lang='lat' dir='ltr'><strong>praesertim</strong></span> <span class='ocrx_word' id='word_1_176' title='bbox 1029 1779 1114 1806; x_wconf 90' lang='lat' dir='ltr'><strong>cum</strong></span> <span class='ocrx_word' id='word_1_177' title='bbox 1147 1767 1440 1819; x_wconf 86' lang='lat' dir='ltr'><strong>philosophiam</strong></span> <span class='ocrx_word' id='word_1_178' title='bbox 1475 1768 1562 1820; x_wconf 89' lang='lat' dir='ltr'><strong>ipsc</strong></span> 
     </span>
     <span class='ocr_line' id='line_1_25' title="bbox 230 1832 1565 1884; baseline -0.002 -10"><span class='ocrx_word' id='word_1_179' title='bbox 230 1834 467 1884; x_wconf 84' lang='lat' dir='ltr'><strong>„meliorem‚</strong></span> <span class='ocrx_word' id='word_1_180' title='bbox 495 1832 716 1883; x_wconf 73' lang='lat' dir='ltr'><strong>potioi·cm“</strong></span> <span class='ocrx_word' id='word_1_181' title='bbox 742 1832 811 1881; x_wconf 87' lang='lat' dir='ltr'><strong>(cf.</strong></span> <span class='ocrx_word' id='word_1_182' title='bbox 838 1833 914 1870; x_wconf 92' lang='lat' dir='ltr'><strong>loc.</strong></span> <span class='ocrx_word' id='word_1_183' title='bbox 945 1844 1064 1882; x_wconf 85' lang='lat' dir='ltr'><strong>supra</strong></span> <span class='ocrx_word' id='word_1_184' title='bbox 1090 1832 1215 1884; x_wconf 86' lang='lat' dir='ltr'><strong>citat.)</strong></span> <span class='ocrx_word' id='word_1_185' title='bbox 1241 1839 1393 1882; x_wconf 82' lang='lat' dir='ltr'><strong>partem</strong></span> <span class='ocrx_word' id='word_1_186' title='bbox 1421 1833 1565 1872; x_wconf 76' lang='lat' dir='ltr'><strong>vocet?</strong></span> 
     </span>
     <span class='ocr_line' id='line_1_26' title="bbox 230 1897 1567 1947; baseline -0.003 -8"><span class='ocrx_word' id='word_1_187' title='bbox 230 1899 381 1940; x_wconf 84' lang='lat' dir='ltr'><strong>Nescio</strong></span> <span class='ocrx_word' id='word_1_188' title='bbox 417 1911 465 1936; x_wconf 83' lang='lat' dir='ltr'><strong>an</strong></span> <span class='ocrx_word' id='word_1_189' title='bbox 508 1898 756 1936; x_wconf 73' lang='lat' dir='ltr'><strong>verisimilius</strong></span> <span class='ocrx_word' id='word_1_190' title='bbox 792 1897 831 1934; x_wconf 91' lang='lat' dir='ltr'><strong>id</strong></span> <span class='ocrx_word' id='word_1_191' title='bbox 874 1897 950 1934; x_wconf 86' lang='lat' dir='ltr'><strong>dici</strong></span> <span class='ocrx_word' id='word_1_192' title='bbox 978 1898 1126 1946; x_wconf 87' lang='lat' dir='ltr'><strong>possit,</strong></span> <span class='ocrx_word' id='word_1_193' title='bbox 1167 1903 1284 1947; x_wconf 84' lang='lat' dir='ltr'><strong>atque</strong></span> <span class='ocrx_word' id='word_1_194' title='bbox 1323 1910 1366 1936; x_wconf 86' lang='lat' dir='ltr'><strong>re</strong></span> <span class='ocrx_word' id='word_1_195' title='bbox 1405 1909 1501 1936; x_wconf 85' lang='lat' dir='ltr'><strong>vera</strong></span> <span class='ocrx_word' id='word_1_196' title='bbox 1543 1909 1567 1935; x_wconf 87' lang='lat' dir='ltr'><strong>a</strong></span> 
     </span>
     <span class='ocr_line' id='line_1_27' title="bbox 231 1961 1565 2010; baseline -0.001 -6"><span class='ocrx_word' id='word_1_197' title='bbox 231 1965 426 2004; x_wconf 80' lang='lat' dir='ltr'><strong>Cicerone</strong></span> <span class='ocrx_word' id='word_1_198' title='bbox 454 1964 599 2001; x_wconf 85' lang='lat' dir='ltr'><strong>dictum</strong></span> <span class='ocrx_word' id='word_1_199' title='bbox 625 1966 699 2001; x_wconf 91' lang='lat' dir='ltr'><strong>est.</strong></span> <span class='ocrx_word' id='word_1_200' title='bbox 728 1962 779 1999; x_wconf 84' lang='lat' dir='ltr'><strong>ef.</strong></span> <span class='ocrx_word' id='word_1_201' title='bbox 805 1961 899 2006; x_wconf 87' lang='lat' dir='ltr'><strong>XII,</strong></span> <span class='ocrx_word' id='word_1_202' title='bbox 926 1962 962 2009; x_wconf 82' lang='lat'><strong>2,</strong></span> <span class='ocrx_word' id='word_1_203' title='bbox 986 1963 1028 2001; x_wconf 83' lang='lat'><strong>6:</strong></span> <span class='ocrx_word' id='word_1_204' title='bbox 1057 1962 1187 2010; x_wconf 88' lang='lat' dir='ltr'><strong>„Hinc</strong></span> <span class='ocrx_word' id='word_1_205' title='bbox 1215 1963 1335 2001; x_wconf 84' lang='lat' dir='ltr'><strong>etiam</strong></span> <span class='ocrx_word' id='word_1_206' title='bbox 1365 1962 1459 2000; x_wconf 86' lang='lat' dir='ltr'><strong>illud</strong></span> <span class='ocrx_word' id='word_1_207' title='bbox 1489 1967 1565 2002; x_wconf 80' lang='lat' dir='ltr'><strong>est.</strong></span> 
     </span>
     <span class='ocr_line' id='line_1_28' title="bbox 233 2027 1566 2081; baseline -0.002 -12"><span class='ocrx_word' id='word_1_208' title='bbox 233 2031 338 2081; x_wconf 87' lang='lat' dir='ltr'><strong>quod</strong></span> <span class='ocrx_word' id='word_1_209' title='bbox 367 2029 518 2068; x_wconf 85' lang='lat' dir='ltr'><strong>Cicero·</strong></span> <span class='ocrx_word' id='word_1_210' title='bbox 533 2027 715 2078; x_wconf 85' lang='lat' dir='ltr'><strong>pluribus</strong></span> <span class='ocrx_word' id='word_1_211' title='bbox 743 2031 785 2065; x_wconf 83' lang='lat' dir='ltr'><strong>e&#39;t</strong></span> <span class='ocrx_word' id='word_1_212' title='bbox 807 2027 918 2065; x_wconf 89' lang='lat' dir='ltr'><strong>libris</strong></span> <span class='ocrx_word' id='word_1_213' title='bbox 938 2030 980 2065; x_wconf 86' lang='lat' dir='ltr'><strong>et</strong></span> <span class='ocrx_word' id='word_1_214' title='bbox 1000 2027 1181 2077; x_wconf 88' lang='lat' dir='ltr'><strong>epistolis</strong></span> <span class='ocrx_word' id='word_1_215' title='bbox 1200 2031 1382 2073; x_wconf 77' lang='lat' dir='ltr'><strong>testatur,</strong></span> <span class='ocrx_word' id='word_1_216' title='bbox 1410 2028 1566 2067; x_wconf 87' lang='lat' dir='ltr'><strong>dicendi</strong></span> 
     </span>
     <span class='ocr_line' id='line_1_29' title="bbox 232 2089 1567 2143; baseline -0.004 -7"><span class='ocrx_word' id='word_1_217' title='bbox 232 2089 462 2135; x_wconf 76' lang='lat' dir='ltr'><strong>facultatem</strong></span> <span class='ocrx_word' id='word_1_218' title='bbox 498 2106 547 2133; x_wconf 82' lang='lat' dir='ltr'><strong>ex</strong></span> <span class='ocrx_word' id='word_1_219' title='bbox 580 2092 724 2131; x_wconf 88' lang='lat' dir='ltr'><strong>intimis</strong></span> <span class='ocrx_word' id='word_1_220' title='bbox 759 2092 981 2142; x_wconf 84' lang='lat' dir='ltr'><strong>sapientiae</strong></span> <span class='ocrx_word' id='word_1_221' title='bbox 1009 2092 1184 2132; x_wconf 85' lang='lat' dir='ltr'><strong>fontibus</strong></span> <span class='ocrx_word' id='word_1_222' title='bbox 1219 2093 1358 2140; x_wconf 87' lang='lat' dir='ltr'><strong>fluere,</strong></span> <span class='ocrx_word' id='word_1_223' title='bbox 1397 2093 1567 2143; x_wconf 86' lang='lat' dir='ltr'><strong>ideoque</strong></span> 
     </span>
     <span class='ocr_line' id='line_1_30' title="bbox 234 2157 1568 2212; baseline -0.003 -12"><span class='ocrx_word' id='word_1_224' title='bbox 234 2161 472 2212; x_wconf 84' lang='lat' dir='ltr'><strong>aliquamdiu</strong></span> <span class='ocrx_word' id='word_1_225' title='bbox 495 2162 770 2209; x_wconf 77' lang='lat' dir='ltr'><strong>&#39;praceptores</strong></span> <span class='ocrx_word' id='word_1_226' title='bbox 810 2157 972 2195; x_wconf 90' lang='lat' dir='ltr'><strong>eosdem</strong></span> <span class='ocrx_word' id='word_1_227' title='bbox 1011 2158 1136 2196; x_wconf 85' lang='lat' dir='ltr'><strong>fuisse</strong></span> <span class='ocrx_word' id='word_1_228' title='bbox 1178 2170 1325 2196; x_wconf 84' lang='lat' dir='ltr'><strong>morum</strong></span> <span class='ocrx_word' id='word_1_229' title='bbox 1360 2163 1480 2208; x_wconf 85' lang='lat' dir='ltr'><strong>atque</strong></span> <span class='ocrx_word' id='word_1_230' title='bbox 1513 2158 1568 2196; x_wconf 86' lang='lat' dir='ltr'><strong>di-</strong></span> 
     </span>
     <span class='ocr_line' id='line_1_31' title="bbox 235 2222 1569 2273; baseline -0.004 -8"><span class='ocrx_word' id='word_1_231' title='bbox 235 2226 452 2265; x_wconf 84' lang='lat' dir='ltr'><strong>cendi.“-—-</strong></span> <span class='ocrx_word' id='word_1_232' title='bbox 472 2223 550 2263; x_wconf 89' lang='lat' dir='ltr'><strong>Sed</strong></span> <span class='ocrx_word' id='word_1_233' title='bbox 581 2224 698 2261; x_wconf 86' lang='lat' dir='ltr'><strong>etiam</strong></span> <span class='ocrx_word' id='word_1_234' title='bbox 727 2224 887 2273; x_wconf 86' lang='lat' dir='ltr'><strong>saepius</strong></span> <span class='ocrx_word' id='word_1_235' title='bbox 916 2222 1142 2270; x_wconf 76' lang='lat' dir='ltr'><strong>videbimus,</strong></span> <span class='ocrx_word' id='word_1_236' title='bbox 1169 2223 1448 2269; x_wconf 88' lang='lat' dir='ltr'><strong>Quintilianum</strong></span> <span class='ocrx_word' id='word_1_237' title='bbox 1474 2234 1569 2261; x_wconf 82' lang='lat' dir='ltr'><strong>suae</strong></span> 
     </span>
     <span class='ocr_line' id='line_1_32' title="bbox 236 2287 1570 2337; baseline -0.005 -6"><span class='ocrx_word' id='word_1_238' title='bbox 236 2292 333 2331; x_wconf 81' lang='lat' dir='ltr'><strong>artis</strong></span> <span class='ocrx_word' id='word_1_239' title='bbox 361 2301 495 2330; x_wconf 71' lang='lat' dir='ltr'><strong>amore</strong></span> <span class='ocrx_word' id='word_1_240' title='bbox 522 2288 776 2328; x_wconf 88' lang='lat' dir='ltr'><strong>constrictum</strong></span> <span class='ocrx_word' id='word_1_241' title='bbox 803 2287 1078 2337; x_wconf 86' lang='lat' dir='ltr'><strong>philosophiae</strong></span> <span class='ocrx_word' id='word_1_242' title='bbox 1104 2287 1278 2327; x_wconf 84' lang='lat' dir='ltr'><strong>maculas</strong></span> <span class='ocrx_word' id='word_1_243' title='bbox 1302 2288 1492 2337; x_wconf 83' lang='lat' dir='ltr'><strong>quasdam</strong></span> <span class='ocrx_word' id='word_1_244' title='bbox 1515 2288 1570 2325; x_wconf 88' lang='lat' dir='ltr'><strong>in-</strong></span> 
     </span>
    </p>
   </div>
   <div class='ocr_carea' id='block_1_5' title="bbox 900 325 1559 364">
    <p class='ocr_par' dir='ltr' id='par_1_5' title="bbox 900 325 1559 364">
     <span class='ocr_line' id='line_1_33' title="bbox 900 325 1559 364; baseline 0 2665"><span class='ocrx_word' id='word_1_245' title='bbox 900 325 1559 364; x_wconf 95' lang='lat' dir='ltr'><strong> </strong></span> 
     </span>
    </p>
   </div>
   <div class='ocr_carea' id='block_1_6' title="bbox 400 579 565 592">
    <p class='ocr_par' dir='ltr' id='par_1_6' title="bbox 400 579 565 592">
     <span class='ocr_line' id='line_1_34' title="bbox 400 579 565 592; baseline 0 2437"><span class='ocrx_word' id='word_1_246' title='bbox 400 579 565 592; x_wconf 95' lang='lat' dir='ltr'><strong> </strong></span> 
     </span>
    </p>
   </div>
   <div class='ocr_carea' id='block_1_7' title="bbox 236 2351 1594 2735">
    <p class='ocr_par' dir='ltr' id='par_1_7' title="bbox 236 2351 1594 2735">
     <span class='ocr_line' id='line_1_35' title="bbox 236 2351 1570 2407; baseline -0.004 -10"><span class='ocrx_word' id='word_1_247' title='bbox 236 2357 390 2397; x_wconf 73' lang='lat' dir='ltr'><strong>terdum</strong></span> <span class='ocrx_word' id='word_1_248' title='bbox 414 2354 676 2407; x_wconf 80' lang='lat' dir='ltr'><strong>adspersisse.</strong></span> <span class='ocrx_word' id='word_1_249' title='bbox 716 2352 978 2400; x_wconf 78' lang='lat' dir='ltr'><strong>Quintilianus</strong></span> <span class='ocrx_word' id='word_1_250' title='bbox 1007 2352 1112 2391; x_wconf 89' lang='lat' dir='ltr'><strong>omni</strong></span> <span class='ocrx_word' id='word_1_251' title='bbox 1137 2353 1256 2391; x_wconf 88' lang='lat' dir='ltr'><strong>modo</strong></span> <span class='ocrx_word' id='word_1_252' title='bbox 1282 2352 1379 2391; x_wconf 88' lang='lat' dir='ltr'><strong>illud</strong></span> <span class='ocrx_word' id='word_1_253' title='bbox 1406 2351 1570 2391; x_wconf 84' lang='lat' dir='ltr'><strong>Catonis</strong></span> 
     </span>
     <span class='ocr_line' id='line_1_36' title="bbox 237 2418 1570 2469; baseline -0.005 -7"><span class='ocrx_word' id='word_1_254' title='bbox 237 2423 437 2462; x_wconf 78' lang='lat' dir='ltr'><strong>defendit:</strong></span> <span class='ocrx_word' id='word_1_255' title='bbox 465 2421 611 2460; x_wconf 83' lang='lat' dir='ltr'><strong>Orator</strong></span> <span class='ocrx_word' id='word_1_256' title='bbox 637 2420 697 2458; x_wconf 82' lang='lat' dir='ltr'><strong>vir</strong></span> <span class='ocrx_word' id='word_1_257' title='bbox 719 2420 866 2465; x_wconf 84' lang='lat' dir='ltr'><strong>bonus,</strong></span> <span class='ocrx_word' id='word_1_258' title='bbox 895 2419 1054 2457; x_wconf 83' lang='lat' dir='ltr'><strong>dicendi</strong></span> <span class='ocrx_word' id='word_1_259' title='bbox 1080 2419 1245 2469; x_wconf 83' lang='lat' dir='ltr'><strong>peritus.</strong></span> <span class='ocrx_word' id='word_1_260' title='bbox 1298 2418 1418 2468; x_wconf 87' lang='lat' dir='ltr'><strong>Atqui</strong></span> <span class='ocrx_word' id='word_1_261' title='bbox 1446 2418 1570 2468; x_wconf 86' lang='lat' dir='ltr'><strong>philo·</strong></span> 
     </span>
     <span class='ocr_line' id='line_1_37' title="bbox 238 2482 1571 2539; baseline -0.006 -11"><span class='ocrx_word' id='word_1_262' title='bbox 238 2488 403 2539; x_wconf 87' lang='lat' dir='ltr'><strong>sophum</strong></span> <span class='ocrx_word' id='word_1_263' title='bbox 431 2498 522 2527; x_wconf 82' lang='lat' dir='ltr'><strong>esse</strong></span> <span class='ocrx_word' id='word_1_264' title='bbox 551 2485 650 2524; x_wconf 87' lang='lat' dir='ltr'><strong>dicit</strong></span> <span class='ocrx_word' id='word_1_265' title='bbox 675 2485 799 2523; x_wconf 80' lang='lat' dir='ltr'><strong>virum</strong></span> <span class='ocrx_word' id='word_1_266' title='bbox 823 2485 978 2530; x_wconf 75' lang='lat' dir='ltr'><strong>bonum,</strong></span> <span class='ocrx_word' id='word_1_267' title='bbox 1007 2483 1163 2534; x_wconf 71' lang='lat'><strong>(11‚&#39;21‚</strong></span> <span class='ocrx_word' id='word_1_268' title='bbox 1195 2484 1269 2532; x_wconf 81' lang='lat'><strong>12),</strong></span> <span class='ocrx_word' id='word_1_269' title='bbox 1299 2495 1397 2533; x_wconf 80' lang='lat' dir='ltr'><strong>crgo</strong></span> <span class='ocrx_word' id='word_1_270' title='bbox 1424 2482 1571 2529; x_wconf 84' lang='lat' dir='ltr'><strong>Quinti-</strong></span> 
     </span>
     <span class='ocr_line' id='line_1_38' title="bbox 238 2549 1574 2601; baseline -0.004 -8"><span class='ocrx_word' id='word_1_271' title='bbox 238 2554 333 2593; x_wconf 83' lang='lat' dir='ltr'><strong>liani</strong></span> <span class='ocrx_word' id='word_1_272' title='bbox 361 2552 559 2594; x_wconf 88' lang='lat' dir='ltr'><strong>sententia</strong></span> <span class='ocrx_word' id='word_1_273' title='bbox 586 2555 723 2591; x_wconf 81' lang='lat' dir='ltr'><strong>orator</strong></span> <span class='ocrx_word' id='word_1_274' title='bbox 751 2555 814 2590; x_wconf 85' lang='lat' dir='ltr'><strong>est</strong></span> <span class='ocrx_word' id='word_1_275' title='bbox 838 2549 1119 2601; x_wconf 84' lang='lat' dir='ltr'><strong>philosophus,</strong></span> <span class='ocrx_word' id='word_1_276' title='bbox 1148 2550 1306 2588; x_wconf 86' lang='lat' dir='ltr'><strong>dicendi</strong></span> <span class='ocrx_word' id='word_1_277' title='bbox 1334 2550 1494 2601; x_wconf 82' lang='lat' dir='ltr'><strong>peritus.</strong></span> <span class='ocrx_word' id='word_1_278' title='bbox 1523 2549 1574 2587; x_wconf 82' lang='lat' dir='ltr'><strong>cs.</strong></span> 
     </span>
     <span class='ocr_line' id='line_1_39' title="bbox 238 2614 1574 2669; baseline -0.004 -11"><span class='ocrx_word' id='word_1_279' title='bbox 238 2620 271 2669; x_wconf 90' lang='lat' dir='ltr'><strong>I,-</strong></span> <span class='ocrx_word' id='word_1_280' title='bbox 299 2621 358 2668; x_wconf 90' lang='lat'><strong>10,</strong></span> <span class='ocrx_word' id='word_1_281' title='bbox 384 2621 421 2659; x_wconf 88' lang='grc'><strong>6.</strong></span> <span class='ocrx_word' id='word_1_282' title='bbox 447 2620 500 2665; x_wconf 88' lang='lat'><strong>11,</strong></span> <span class='ocrx_word' id='word_1_283' title='bbox 522 2619 584 2666; x_wconf 80' lang='lat'><strong>21,</strong></span> <span class='ocrx_word' id='word_1_284' title='bbox 616 2617 674 2657; x_wconf 82' lang='lat'><strong>12.</strong></span> <span class='ocrx_word' id='word_1_285' title='bbox 704 2618 762 2656; x_wconf 85' lang='lat'><strong>13.</strong></span> <span class='ocrx_word' id='word_1_286' title='bbox 814 2617 875 2655; x_wconf 88' lang='lat' dir='ltr'><strong>En</strong></span> <span class='ocrx_word' id='word_1_287' title='bbox 901 2616 1084 2655; x_wconf 85' lang='lat' dir='ltr'><strong>videmus·</strong></span> <span class='ocrx_word' id='word_1_288' title='bbox 1106 2615 1269 2664; x_wconf 82' lang='lat' dir='ltr'><strong>fontem,</strong></span> <span class='ocrx_word' id='word_1_289' title='bbox 1299 2627 1349 2654; x_wconf 83' lang='lat' dir='ltr'><strong>ex</strong></span> <span class='ocrx_word' id='word_1_290' title='bbox 1376 2627 1453 2665; x_wconf 92' lang='lat' dir='ltr'><strong>quo</strong></span> <span class='ocrx_word' id='word_1_291' title='bbox 1478 2614 1574 2652; x_wconf 91' lang='lat' dir='ltr'><strong>illud</strong></span> 
     </span>
     <span class='ocr_line' id='line_1_40' title="bbox 241 2680 1594 2735; baseline -0.006 -10"><span class='ocrx_word' id='word_1_292' title='bbox 241 2684 374 2726; x_wconf 74' lang='lat' dir='ltr'><strong>odium</strong></span> <span class='ocrx_word' id='word_1_293' title='bbox 403 2684 683 2735; x_wconf 72' lang='lat' dir='ltr'><strong>philosophiae</strong></span> <span class='ocrx_word' id='word_1_294' title='bbox 708 2687 881 2732; x_wconf 83' lang='lat' dir='ltr'><strong>emanat;</strong></span> <span class='ocrx_word' id='word_1_295' title='bbox 908 2694 997 2720; x_wconf 87' lang='lat' dir='ltr'><strong>nam</strong></span> <span class='ocrx_word' id='word_1_296' title='bbox 1021 2694 1108 2720; x_wconf 88' lang='lat' dir='ltr'><strong>cum</strong></span> <span class='ocrx_word' id='word_1_297' title='bbox 1134 2682 1212 2733; x_wconf 81' lang='lat' dir='ltr'><strong>iam</strong></span> <span class='ocrx_word' id='word_1_298' title='bbox 1240 2687 1377 2720; x_wconf 81' lang='lat' dir='ltr'><strong>orator</strong></span> <span class='ocrx_word' id='word_1_299' title='bbox 1403 2680 1594 2730; x_wconf 57' lang='lat' dir='ltr'><strong>phileam--</strong></span> 
     </span>
    </p>
   </div>
  </div>
 </body>
</html>
