1777 3029
846 206 879 248 8.

183 325 315 381 phiam
343 333 539 380 tamquam
568 330 840 371 necessariam
869 328 1133 381 professionis
1155 340 1249 369 suae
1271 332 1425 381 partem
1444 339 1528 368 sus·

186 397 295 446 cipit,
325 402 404 435 tuni
432 397 687 447 philosophia
713 409 844 448 paene
873 397 1023 436 inutilis
1051 401 1113 436 cst
1140 401 1181 435 et
1205 396 1339 447 utiq'ue
1365 395 1528 435 minoris

183 462 431 506 aestimanda
458 474 573 511 quam
602 462 844 512 eloquentia.
899 461 1031 509 Quare
1057 462 1273 507 identidem
1301 464 1528 511 contemptu

184 526 354 576 quodam
389 527 679 577 philosophiam
713 529 954 580 aggreditur.
1015 527 1065 576 Π,
1094 529 1156 578 20,
1183 528 1226 567 5:
1272 526 1412 576 „Quod
1445 526 1529 578 phi·

182 591 342 642 Iosophi
372 592 529 642 quidem
564 593 694 632 multis
730 598 771 632 et
805 594 932 632 acutis
966 593 1297 636 conclusionibus,
1324 592 1529 642 colligunt,

181 656 273 694 mihi
302 669 398 694 vero
428 659 547 696 etiam
576 659 757 708 planiore
779 659 853 696 hac
872 659 1113 708 proprieque
1132 664 1273 698 nostra
1290 658 1528 709 probatione

182 722 339 760 videtur
367 735 458 762 esse
486 724 778 774 perspicuum.“
811 746 863 753 --
889 723 1030 763 Sectas
1066 736 1223 774 quoque
1258 725 1343 763 fere
1378 734 1527 771 omnes,

183 801 279 838 quas
325 794 524 830 amatores
568 790 845 842 philosophiae
887 792 1172 841 sequebantur,
1218 802 1304 829 cum
1342 788 1527 828 irrisione

183 860 251 892 aut
280 855 546 904 castigatione
576 856 746 904 quadam
782 859 1075 894 commemor-,at
1128 855 1301 914 Epicuro
1330 854 1528 905 opprobio

182 920 280 958 facit
314 920 449 970 fugam
482 920 701 959 litterarum
738 932 784 959 ac
812 920 982 967 laboris,
1016 931 1145 970 paene
1171 919 1277 958 idem
1304 919 1546 970 Aristippo,

181 985 425 1035 Pyirhonem
452 985 600 1033 irridet,
631 987 736 1035 quod
764 987 802 1024 in
831 987 987 1025 iudiciis
1017 986 1052 1023 ci
1079 998 1158 1023 non
1185 985 1354 1034 liqueat.
1381 986 1526 1024 adesse

182 1050 352 1097 iudices,
395 1063 521 1100 reum,
564 1055 762 1097 senatum,
803 1052 1058 1090 Academiam
1094 1051 1245 1090 oratori
1278 1050 1527 1106 utilissimam

183 1116 385 1154 existimat
418 1121 586 1166 propter
619 1129 765 1155 morem
797 1118 834 1155 in
870 1122 1073 1166 utramque
1101 1119 1257 1166 liat-tem
1284 1116 1526 1167 disputandi,

182 1182 219 1219 in
249 1182 531 1232 Peripateticis
566 1186 728 1220 notatur
761 1182 954 1221 iactantia
988 1183 1087 1221 artis
1123 1182 1342 1231 oratoriae,
1378 1180 1527 1220 Stoicis

184 1247 322 1285 adimit
357 1252 397 1285 et
429 1248 631 1302 scientiam
670 1253 711 1286 et
744 1248 988 1286 voluntatem
1017 1250 1118 1286 bene
1147 1247 1323 1295 dicendi,
1352 1250 1527 1285 attamen

183 1325 298 1351 aeres
327 1314 574 1363 subtilesque
603 1313 864 1363 probationes
894 1318 934 1351 et
962 1314 1240 1353 conclusiones
1267 1314 1316 1352 iis
1335 1312 1526 1351 attribuit.

182 1378 289 1427 (XII,
316 1380 353 1425 2,
381 1380 442 1418 24.
471 1380 547 1427 25.)

285 1444 526 1494 Cognitione
569 1445 741 1483 oratoris
784 1457 1010 1495 perpaucos
1051 1444 1168 1483 modo
1203 1443 1527 1494 philosophorum

182 1510 325 1559 dignos
352 1510 577 1548 arbitratur.
614 1509 681 1560 (X,
713 1512 745 1559 1,
773 1511 819 1548 81
845 1510 980 1561 -84.)
1032 1510 1210 1559 Legendi
1239 1513 1280 1547 ct
1307 1509 1528 1558 accuratius

183 1574 339 1624 quidem
353 1575 627 1625 cognoscendi
649 1580 740 1617 sunt
759 1575 889 1624 Plato,
909 1575 1150 1625 Xenophon,
1170 1574 1377 1624 Socratici,
1397 1573 1528 1612 Theo-

180 1640 376 1689 phrastus,
407 1640 533 1678 Stoici
557 1646 738 1685 veteres,
767 1640 835 1691 (X,
865 1642 898 1686 1,
928 1639 1157 1691 123—131),
1187 1639 1342 1687 Cicero,
1372 1639 1527 1687 Brutus,

179 1704 391 1743 Cornelius
411 1705 564 1753 Celsus,
588 1706 752 1745 Plautus
765 1706 938 1754 Stoicus,
961 1706 1338 1756 CatiusEpicm-eus,
1360 1703 1527 1743 Seneca.

280 1771 492 1811 Pei-multis
521 1784 616 1811 vero
640 1772 742 1811 loeis
770 1773 991 1811 insectatur
1017 1761 1342 1822 philosophorum
1368 1771 1475 1809 vitia..

281 1837 451 1877 Primum
486 1839 534 1876 iis
571 1839 848 1889 opprobravit,
892 1839 996 1888 quod
1038 1839 1123 1876 fere
1160 1850 1296 1876 omnes
1330 1838 1370 1875 in
1407 1838 1527 1876 verba

134 1953 137 1958 1
178 1902 357 1952 magistri
387 1904 563 1943 iurarent
591 1917 720 1943 necue
780 1904 1021 1953 iel-quirendi
1051 1902 1649 1953 dm

177 1980 295 2017 panc
333 1970 499 2017 omissa,
543 1971 756 2021 quidquam
790 1970 865 2009 nisi
904 1970 1025 2009 semel
1054 1974 1272 2019 perceptas
1301 1973 1440 2020 partes
1468 1981 1527 2008 se-

179 2039 404 2083 querentur.
458 2035 550 2080 Xu,
578 2037 612 2086 2,
641 2038 709 2075 ‘262
753 2036 860 2084 „Sed
888 2037 986 2074 hacc
1015 2037 1119 2074 inter
1155 2036 1285 2085 ipsos,
1328 2035 1393 2085 qui
1419 2034 1528 2085 velut

182 2106 436 2140 sacramento
464 2102 595 2151 rogati
623 2103 686 2140 vel
715 2103 833 2140 etiam
863 2102 1148 2152 superstitione
1178 2101 1382 2140 constricti
1410 2100 1526 2139 nefas

125 2205 128 2209 ,
176 2167 323 2204 ducant
351 2179 371 2204 a
402 2172 588 2217 suscepta
612 2169 734 2206 semel
762 2168 1023 2217 persuasione
1052 2167 1303 2206 disceder.0“

276 2232 432 2270 Deinde
468 2233 778 2282 reprehenditur
813 2234 879 2271 illa
918 2233 1166 2272 consuetudo
1204 2232 1373 2273 omnium
1400 2231 1524 2282 philo-

177 2298 410 2348 sophorum
445 2300 549 2348 qnod
579 2304 708 2338 certas
739 2293 928 2349 quasdam
958 2295 1258 2343 mmm
1257 2287 1449 2348 καθῆκον,
1484 2297 1525 2336 τὸ

175 2363 407 2413 προηῑμένον,
435 2364 475 2401 τὸ
505 2363 1376 2415 vri-perrrtzwmr-*nmwfere'oceiineiiffliiss
1380 2363 1524 2403 Verbis

176 2430 459 2480 significarent,
490 2431 560 2485 sod
589 2431 729 2469 iisdem
758 2443 915 2481 semper
943 2434 1160 2471 uterentur.
1214 2431 1295 2481 (Ita
1315 2430 1418 2470 enim
1432 2430 1522 2478 Vll,

174 2497 209 2542 3,
241 2496 287 2532 1ss
315 2485 545 2545 intelligos
580 2496 819 2544 „Rau-issima
842 2498 945 2547 apud
967 2509 1037 2535 eos
1060 2497 1277 2548 (oratores)
1303 2497 1526 2548 reperietur

175 2559 250 2600 illa,
271 2572 319 2597 ex
351 2562 638 2600 consuetudine
676 2552 996 2612 philosophorum
1026 2564 1146 2602 ducta
1172 2564 1356 2602 servitus.
1386 2584 1435 2589 -·-
1463 2566 1527 2601 est

176 2625 277 2661 enim
308 2627 475 2665 servitus
505 2649 549 2653 -
580 2628 630 2664 ad
659 2632 769 2669 certa
799 2640 842 2665 se
862 2629 985 2667 verba
1008 2629 1296 2678 adstringendi,
1325 2628 1444 2678 idque
1467 2627 1522 2666 fa-

176 2689 354 2728 ciendum
382 2692 421 2730 in
446 2691 558 2730 libris
575 2692 790 2731 :Ciceronis
820 2694 869 2731 de
890 2693 1061 2734 Oratore
1085 2698 1198 2733 vetat
1218 2694 1267 2737 M.
1287 2693 1522 2733 Antonius‚“
