1777 3029
885 156 943 199 34·

241 290 333 319 esse
359 278 536 328 primum,
564 292 642 329 quo
670 292 770 330 puer
795 285 888 330 apte
914 281 1157 331 instituatur,
1182 281 1436 328 arbitrantur,
1463 280 1578 321 affert

237 345 472 391 Hesiodum,
515 345 631 384 immo
671 345 906 396 scriptorem
941 346 1025 386 eius
1058 346 1167 396 libri,
1213 348 1278 398 qui
1311 345 1488 397 ὑποθῆκαι
1517 346 1576 385 in·

239 411 434 458 scribitur,
463 413 504 448 et
528 411 854 459 Eratosthenem,
883 423 1036 461 eorum,
1066 412 1132 462 qui
1157 411 1305 451 nullum
1331 416 1484 462 tempus
1509 424 1575 451 va-

238 488 329 515 care
354 475 601 515 institutione
635 474 788 521 volunt,
815 474 1093 526 Chrysippum5
1125 475 1341 516 Romanum
1367 483 1448 517 non
1474 489 1576 516 com·

237 544 442 581 memorat.
470 540 500 587 Ι,
535 541 567 587 1,
597 538 655 577 15.
686 539 745 578 16.
790 561 841 567 —
880 540 1062 579 Dubitari
1089 540 1267 587 solebat,
1310 546 1407 593 quot
1440 530 1577 582 essent

237 611 371 657 partes
404 605 611 643 orationis.
664 604 781 654 Apud
814 604 1094 650 Quintilianum
1127 606 1360 656 invenimus·
1377 608 1580 645 Aristotef.

236 672 311 709 lem
340 674 380 709 et
404 669 688 716 Theodectem,
718 668 783 717 qui
810 672 894 707 tres
921 680 1013 708 esse
1040 670 1190 720 volunt,
1219 669 1391 720 Stoicos,
1420 671 1484 722 qui
1510 682 1580 709 no->

235 750 343 786 vem,
377 734 670 782 Aristarchum,
713 733 778 783 qui
819 737 932 786 octo;
965 724 1184 775 Romanum
1225 749 1306 775 non
1345 737 1576 776 invenimus.

236 804 267 849 Ι,
295 803 332 849 4,
372 801 530 839 18—20.
571 820 615 826 ——
652 800 732 838 Ubi
764 800 1048 848 grammaticen
1082 805 1122 839 et
1153 801 1329 840 musicen
1361 801 1576 851 antiquitus

236 868 469 907 coniunctas
496 864 620 904 fuisse
649 865 865 914 confirmat,
892 866 954 905 his
983 867 1226 917 argumentis
1254 867 1385 906 utitur.
1425 865 1577 906 Utrius-

235 945 311 984 que
355 932 411 970 rei
456 934 744 981 praeceptores
788 931 911 971 fuisse
957 931 1203 982 Sophronem
1244 936 1286 971 et
1315 932 1573 981 Prodamum;

235 998 340 1050 apud
367 997 545 1036 Graecos
575 997 725 1037 duabus
757 997 816 1035 his
845 999 964 1037 rebus
992 1010 1139 1048 pueros
1166 998 1318 1038 institui
1346 997 1497 1046 solere,
1532 1001 1576 1036 ut

234 1066 285 1113 is,
321 1063 387 1113 qui
415 1063 580 1101 alterius
613 1063 815 1112 imperitus
844 1063 907 1111 sit,
943 1063 1141 1102 indoctior
1165 1063 1372 1103 habeatur.
1428 1062 1575 1101 Testes

234 1118 326 1169 sunt
345 1127 648 1177 Aristophanes,
679 1125 906 1173 Menander,
935 1128 1239 1168 Themistocles.
1268 1127 1349 1167 Sed
1377 1127 1577 1167 claudicat

234 1193 536 1247 argumentatio,
564 1194 631 1232 ubi
661 1193 862 1232 Romanos
890 1194 950 1234 his
978 1194 1168 1245 adiungit.
1221 1194 1324 1234 Nam
1353 1195 1458 1245 quod
1484 1206 1574 1233 can-

233 1263 314 1301 tica
345 1262 385 1299 in
422 1259 614 1298 conviviis
650 1264 826 1299 veterum
853 1259 1136 1307 Romanorum,
1180 1259 1455 1309 Saliorumque
1491 1271 1573 1297 car-

234 1327 339 1366 mina
364 1325 494 1370 affert‚
522 1325 597 1364 hac
621 1337 665 1364 re
694 1325 790 1364 nihil
818 1324 1051 1371 affirmatur,
1075 1325 1150 1365 nisi
1178 1326 1283 1377 quod
1310 1329 1471 1365 veteres
1495 1324 1573 1364 Ro-

234 1394 338 1432 mani
375 1392 551 1431 carmina
583 1391 864 1431 recitaverunt.
918 1392 1057 1441 ltaque
1094 1392 1211 1430 etiam
1241 1393 1319 1431 hoc
1350 1392 1442 1431 loco
1477 1390 1575 1430 solis

234 1459 371 1498 nititur
404 1457 583 1497 Graecis.
621 1457 652 1506 I,
698 1457 763 1506 10,
811 1456 898 1496 16-
911 1457 972 1497 20.
1016 1457 1146 1505 Quid?
1189 1469 1322 1496 nonne
1355 1458 1394 1496 in
1426 1457 1574 1496 musice

235 1537 321 1563 eam
350 1523 603 1573 partitionem
630 1523 787 1572 recipit,
816 1534 930 1572 quam
958 1523 1223 1561 Aristoxenus
1251 1523 1423 1572 fecerat,
1459 1522 1575 1560 musi-

234 1602 322 1628 cam
346 1588 529 1628 dividcns
559 1587 596 1626 in
630 1586 763 1639 ῥυθμόν
791 1591 911 1638 atque
938 1587 1073 1639 μέλοςῖ
1108 1588 1139 1638 I,
1169 1589 1227 1638 10,
1251 1588 1312 1628 22.
1340 1610 1391 1617 —
1418 1587 1499 1628 Sed
1525 1599 1576 1626 ne

232 1656 310 1694 hoc
343 1654 501 1705 quidem
536 1653 927 1704 praetermittendum
953 1657 1043 1703 cst,
1082 1654 1190 1704 quod
1225 1654 1491 1702 Quintilianus
1526 1653 1578 1691 de

235 1732 405 1771 corpore
431 1719 658 1758 exercendo
686 1731 734 1758 ac
761 1719 971 1758 formando
998 1720 1106 1759 dicit.
1153 1722 1190 1759 A
1216 1720 1373 1759 summis
1400 1719 1576 1770 optimis-

234 1799 310 1838 que
335 1785 534 1825 Graeciae
566 1784 661 1823 viris
695 1788 815 1834 atque
841 1785 932 1835 ipso
960 1786 1078 1825 etiam
1108 1785 1275 1825 Socrate
1302 1785 1343 1824 id
1367 1785 1578 1836 probatum

234 1865 259 1891 a
283 1852 455 1891 Platone
483 1850 524 1888 in
550 1853 667 1901 parte
695 1849 865 1889 civilium
893 1850 1076 1891 virtutum
1094 1852 1280 1903 positum,
1309 1862 1335 1889 a
1352 1848 1576 1901 Chrysippo

234 1919 274 1958 in
313 1917 541 1969 praeceptis
587 1917 636 1955 de
680 1917 893 1956 liberorum
939 1917 1175 1957 educatione
1220 1916 1451 1968 compositis
1496 1926 1577 1954 non

233 1985 419 2023 omissum
463 1986 538 2023 est.
592 1982 765 2029 Quorum
806 1982 1128 2022 documentorum
1172 1994 1259 2021 cum
1303 1982 1497 2033 dignitate
1536 1984 1578 2019 et

232 2049 473 2089 auctoritate
509 2048 611 2088 male
646 2048 901 2088 consentiunt
934 2060 1063 2099 pauca
1101 2050 1225 2088 verba
1251 2047 1407 2097 Crassi,
1435 2047 1575 2098 quibus

234 2115 295 2153 ad·
311 2115 515 2153 Romanos
543 2112 687 2153 Noster
712 2115 868 2153 transit.
906 2112 1089 2164 („orator
1114 2117 1249 2152 utatur
1274 2114 1441 2152 laterum
1466 2112 1576 2151 incli-

233 2180 398 2219 natione
429 2179 524 2218 sorti
560 2191 607 2218 ac
641 2179 782 2220 virili.“
817 2179 847 2228 I,
878 2179 935 2229 11,
976 2180 1053 2229 Ν.)
1081 2201 1132 2207 -
1158 2178 1280 2218 Libro
1309 2178 1344 2217 [Ι
1370 2178 1578 2226 multorum

232 2245 455 2284 sententiae
482 2245 532 2283 de
560 2245 636 2283 fine
664 2244 886 2284 rhetorices
908 2248 1206 2294 percenseatur.
1233 2244 1293 2282 De
1322 2255 1398 2294 qua
1423 2255 1468 2283 re
1487 2246 1579 2282 sunt

233 2310 379 2349 Graeci
406 2313 591 2348 auctores
610 2309 826 2359 Isocrates,
856 2309 1042 2360 Gorgias.
1069 2307 1331 2359 Theodectes,
1359 2308 1577 2359 Apollodo-

231 2389 311 2427 rus,
340 2375 594 2426 Aristoteles,
613 2375 900 2427 Hermagoras,
920 2375 1142 2425 Patrocles,
1163 2376 1377 2425 Diodorus,
1397 2375 1576 2424 Ariston,

231 2439 464 2481 Theodorus
491 2441 716 2486 Gadareus,
752 2441 1009 2491 Chrysippus,
1036 2443 1185 2491 Areus;
1221 2441 1352 2480 Latini
1377 2440 1577 2478 inveniun-

233 2510 315 2555 tur,
352 2518 451 2555 quos
481 2505 744 2553 Quintilianus
778 2507 978 2545 mentione
1007 2507 1150 2559 dignos
1190 2510 1322 2557 putat,
1363 2506 1458 2545 nulli
1498 2505 1576 2545 nisi

234 2572 391 2617 Cicero,
419 2571 629 2609 Cornelius
658 2571 811 2620 Celsus,
838 2571 1034 2610 Albutius.

286 2660 289 2663 -
328 2636 496 2687 Itaque,
532 2648 616 2675 cum
650 2636 690 2675 iu
723 2636 866 2676 litteris
900 2635 1145 2684 Quintiliano
1177 2636 1306 2676 Latini
1336 2636 1575 2677 Graecorum
