1777 3029
872 154 926 197 29

339 278 462 317 Immo
487 278 697 330 respublica
721 283 860 317 constat
881 277 1027 329 leoffius,
1053 276 1143 317 nam
1164 281 1231 327 „ut
1244 289 1416 328 corpora
1433 281 1571 316 nostra

237 344 324 385 sine
353 347 483 385 mente
505 344 566 383 ita
591 343 733 384 civitas
761 344 848 385 sine
871 343 1026 395 legibus
1045 344 1127 384 suis
1150 342 1343 394 partibus,
1371 346 1416 382 ut
1437 342 1570 382 nervis

235 422 287 449 ac
311 409 507 460 sanguine
538 413 581 447 et
606 410 789 449 membris
816 410 874 448 uti
898 422 978 448 non
1005 410 1179 459 potest.“
1232 409 1302 456 (cf.
1329 409 1379 452 V,
1407 409 1466 456 11,
1493 409 1570 456 25.)

237 475 370 525 Quare
403 473 471 524 qui
504 474 575 514 bas
608 474 749 525 laedit,
788 475 959 519 omnium
992 473 1106 514 simul
1130 474 1393 513 securitatem
1424 472 1570 524 perdit,

237 540 465 590 itaque-„ut
489 540 629 589 bostis,
658 541 716 579 sie
741 539 866 579 malus
894 539 1027 579 civis.“
1077 539 1128 588 V,
1157 540 1216 589 11,
1241 539 1304 580 34.
1331 533 1339 542 ’

335 603 390 643 Et
413 604 567 656 legibus
591 606 691 657 ipsis
710 605 970 655 „custodibus
995 604 1192 644 civitatis“
1219 609 1261 643 et
1286 604 1571 656 maqatratibus,

237 681 400 722 quorum
434 683 530 710 cura
568 675 610 712 et
653 671 889 711 auctoritate
922 671 1035 722 leges
1075 669 1337 719 sustinentur,
1386 681 1571 709 summam

238 737 477 776 reverentiam
493 738 670 776 deber-ms.
721 736 794 786 XI,
822 738 856 785 1,
883 737 952 776 67:
981 736 1240 786 „Praestatur
1256 736 1333 775 hoc
1357 735 1571 785 aliquando

235 801 357 841 etiam
382 802 654 851 dignitatibus,
681 805 726 840 ut
748 801 948 841 libertatis
976 805 1138 841 nostrae
1160 802 1265 840 ratio
1291 801 1493 846 reddatur,
1521 813 1571 839 ne

238 867 325 917 quis
351 880 427 907 nos
451 871 518 906 aut
542 867 767 921 petulantes
800 866 842 905 in
866 866 1077 905 laedendis
1111 866 1170 905 eis
1201 870 1269 904 aut
1301 866 1419 905 etiam
1453 867 1572 905 ambi-

237 933 366 972 tiosos
399 936 525 982 putet.
585 932 742 982 Itaque
761 931 923 979 Cicero,
964 943 1185 981 quanquam
1219 935 1306 970 erat
1340 932 1382 969 in
1415 931 1574 971 Cottam

237 997 472 1047 gravissime
500 997 694 1045 dicturus,
727 1008 857 1047 neque
890 996 1008 1035 aliter
1038 996 1105 1047 agi
1129 996 1176 1034 P.
1203 995 1323 1047 Oppii
1357 1008 1479 1034 causa
1504 1007 1574 1046 po-

239 1066 356 1111 terat,
383 1062 509 1113 longa
533 1065 665 1101 tamen
692 1061 946 1113 praefatione
973 1063 1178 1102 excusavit
1204 1062 1324 1101 officii
1350 1061 1412 1101 sui
1437 1072 1574 1099 neces-

238 1128 435 1168 sitatem.⁴‘
485 1127 669 1166 Ceterum
697 1127 787 1166 aliis
813 1127 1113 1177 magistratibus
1139 1127 1220 1167 alio
1246 1129 1364 1167 modo
1390 1138 1575 1166 reveren·

236 1194 295 1234 tia
313 1194 561 1244 praestanda
579 1197 651 1241 est,
680 1193 862 1243 quoniam
880 1206 958 1232 non
982 1205 1119 1233 omnes
1136 1195 1223 1244 pari
1252 1197 1344 1233 sunt
1363 1193 1574 1244 gravitate.

224 1258 376 1307 ,X1,·3,
407 1258 499 1297 1562
532 1258 746 1307 „Movendi
773 1262 905 1297 autem
930 1259 1036 1297 ratio
1063 1263 1133 1296 aut
1158 1259 1198 1297 in
1224 1255 1576 1309 repraesentandis

239 1326 303 1363 est
327 1327 396 1362 aut
430 1323 628 1362 imitandis
661 1323 880 1362 affectibus.
933 1323 1044 1374 Ergo
1073 1336 1159 1363 cum
1187 1324 1306 1363 iudex
1335 1325 1377 1363 in
1407 1323 1574 1374 privatis

239 1391 323 1427 aut*
340 1400 489 1438 praeco
528 1389 567 1428 in
601 1389 772 1440 publicis
807 1389 942 1428 dicere
974 1389 1026 1428 de
1060 1402 1184 1429 causa
1209 1389 1390 1430 iusserit:
1429 1389 1577 1429 leniter

241 1458 306 1494 est
323 1456 655 1505 consurgendum;
674 1458 754 1494 tum
771 1454 812 1493 in
833 1456 1107 1507 componenda
1125 1459 1233 1507 toga,
1251 1456 1328 1506 vel,
1348 1456 1384 1496 si
1403 1467 1575 1495 necesse

237 1521 325 1569 erit,
352 1520 472 1559 etiam
490 1533 541 1560 ex
565 1521 722 1571 integro
739 1520 968 1571 iniicienda,
994 1521 1188 1560 duntaxat
1211 1522 1252 1559 in
1277 1521 1434 1562 iudiciis
1451 1520 1575 1572 (apud

237 1586 456 1637 principem
488 1586 593 1643 enim¹
624 1589 669 1626 et
700 1586 957 1638 magistratus
991 1598 1039 1626 ac
1070 1587 1285 1627 tribunalia
1315 1599 1397 1627 non
1422 1588 1575 1637 licebit)

236 1653 392 1703 paulum
419 1652 749 1702 commorandum,
775 1656 821 1692 ut
846 1656 888 1692 et
914 1653 1077 1693 amictus
1104 1654 1159 1694 sit
1184 1653 1393 1693 decentior
1417 1656 1461 1693 et
1483 1665 1575 1704 pro·

234 1718 343 1757 tinus
370 1717 519 1768 aliquid
527 1718 660 1769 ‘spatii
675 1718 728 1757 ad
742 1718 1011 1770 cogitandum.
1059 1718 1190 1758 Etiam
1217 1731 1303 1758 cum
1329 1718 1382 1758 ad
1406 1718 1575 1758 iudicem

237 1797 311 1825 nos
339 1784 661 1833 converterimus,
688 1787 730 1823 et
755 1783 961 1824 consultus
982 1787 1147 1835 praetor
1171 1784 1396 1835 permiserit
1419 1784 1575 1825 dicere:

236 1862 319 1890 non
341 1848 524 1900 protinus
557 1852 622 1889 cst
647 1850 940 1902 erumpendum,
979 1850 1053 1891 sed
1088 1850 1221 1890 danda
1259 1850 1392 1890 brevis
1425 1850 1574 1901 cogita-

236 1916 336 1956 tioni
360 1927 485 1956 mora.
535 1916 636 1955 Mire
659 1915 762 1955 enim
780 1915 999 1955 auditurum
1026 1915 1168 1955 dicturi
1195 1928 1293 1955 cura
1317 1915 1507 1965 delectat,
1534 1919 1577 1955 et

236 1981 358 2021 iudex
378 1993 431 2022 se
456 1981 545 2033 ipse
571 1981 809 2033 componit!
859 1981 1019 2021 Iudices
1041 1981 1172 2033 igitur,
1197 1981 1403 2020 maximam
1419 1984 1575 2031 partem

236 2046 357 2087 rudes
383 2050 426 2088 et
449 2047 634 2097 rusticos,
662 2045 886 2088 cunctando
913 2050 1050 2086 orator
1070 2046 1300 2096 delectabit,
1335 2046 1441 2098 apud
1470 2046 1574 2098 prin·

237 2115 366 2165 cipem
392 2117 434 2154 et
456 2113 613 2154 curules
639 2112 894 2164 magistratus
922 2113 972 2152 ad
999 2113 1161 2159 verbum
1187 2112 1376 2153 adstabit.

337 2181 399 2221 Ac
439 2180 490 2220 de
522 2178 821 2230 magistratibus
855 2178 1042 2229 quoniam
1073 2180 1313 2219 mentionem
1347 2179 1447 2228 feci,
1480 2183 1573 2230 apte

236 2246 300 2285 hic
340 2245 579 2297 adiungatur
604 2241 787 2295 quaestio
813 2244 857 2283 de
887 2243 1033 2283 diversa
1063 2244 1237 2284 ordinum
1269 2246 1498 2285 auctoritate.
1523 2265 1576 2273 ——

238 2310 352 2352 Siout
368 2311 446 2352 iam
469 2323 590 2364 supra
614 2310 709 2356 dixi,
739 2309 1004 2357 Quintilianus
1035 2310 1178 2361 vulgus
1209 2310 1353 2352 humile
1387 2314 1430 2350 et
1453 2310 1575 2361 impe-

148 2372 167 2376 *
235 2377 355 2418 ritum
380 2376 593 2427 paullulum
620 2375 815 2426 despexit,
840 2375 1046 2424 videamus
1071 2376 1202 2427 igitur,
1228 2377 1364 2427 quanti
1383 2380 1453 2416 aut
1478 2376 1574 2415 divi·

236 2442 380 2484 fiai-nm
405 2446 475 2483 aut
490 2441 710 2483 nobilitatis
734 2440 893 2481 landem
909 2442 1192 2482 aestimaverit.
1245 2441 1328 2482 Sed
1345 2437 1574 2494 priusquam

237 2508 290 2548 ad
316 2508 419 2549 hanc
452 2513 537 2547 rem
562 2507 760 2558 accedam,
795 2507 933 2558 paucis
966 2508 1180 2549 discrimen
1211 2508 1317 2547 inter
1346 2507 1499 2548 liberos
1533 2513 1576 2548 et

238 2580 377 2614 servos
411 2573 613 2625 attingam.
665 2572 727 2612 De
759 2585 837 2626 qua
869 2572 1096 2614 differentia
1126 2574 1346 2625 prudenter
1371 2573 1574 2622 Quintilia-

234 2652 310 2681 nus
337 2639 510 2690 „liberos
539 2641 683 2682 natura
716 2651 854 2683 onnes
887 2643 930 2683 et
962 2639 1112 2683 eisdem
1149 2643 1339 2685 constare
1366 2639 1574 2687 elementis
