1777 3029
883 207 932 253 41

245 331 485 384 enumeratis
505 334 611 374 adde
640 331 887 387 Pytha-aomo,
913 335 942 380 I.
970 334 1025 380 10,
1052 335 1113 374 32.
1144 332 1309 383 Goryae'an
1335 332 1416 378 IX,·
1435 332 1471 377 2,
1491 332 1575 371 102.

242 420 294 437 -.
323 395 404 444 ,En
432 403 496 438 est
518 400 667 438 usitata
699 400 829 441 forma
852 403 893 440 et
917 399 959 438 in
984 397 1201 439 Femininis
1229 428 1337 438 .....
1364 400 1404 435 et
1426 396 1466 434 in
1493 396 1575 434 Ma-

245 462 439 504 seminis!
469 463 516 503 B.
542 463 744 516 Exemplis
767 462 870 506 adde
884 464 1159 518 pancratiasten
1177 464 1228 510 H,
1247 465 1280 510 8,
1306 464 1365 503 13.
1393 461 1578 501 Demaden

244 523 295 576 ΙΙ,
321 528 381 573 17,
410 528 468 568 12.
493 528 586 574 ΧΠ,
614 530 675 576 10,
696 530 759 570 49.
800 530 1010 583 hypocriten
1033 530 1089 575 ΙΙ,
1118 530 1176 574 17,
1204 530 1264 569 12.
1306 529 1481 568 Socraten
1507 525 1579 570 111.

247 593 281 639 1,
299 593 359 633 11.
387 592 599 634 Aristotelen
624 594 695 642 111.
724 595 759 645 7,
782 596 842 636 19.
873 589 1035 649 Tydiden
1059 594 1168 639 VIII,
1196 595 1230 640 6,
1255 595 1316 634 30.
1347 590 1581 645 stueydae'den

245 658 308 704 X.
332 660 372 705 1,
397 659 460 699 33.
495 658 555 708 (at
579 657 844 712 Thucydidem
865 661 924 710 X,
949 662 993 706 2,
1022 659 1099 711 17.)
1138 660 1342 711 Euripiden
1367 658 1417 703 X.
1457 659 1491 702 1,
1517 655 1579 696 67.

246 722 505 763 Demosthenen
531 724 584 771 X,
612 725 646 770 1,
672 726 758 766 105.
783 726 855 774 XI,
876 726 914 771 3,
939 725 1002 765 97.
1027 725 1121 770 ΧΠ,
1152 726 1186 773 6,
1214 726 1247 765 1.
1276 726 1335 775 (at
1349 721 1580 763 Demosthe-

247 802 337 829 nem
361 787 458 836 XII,
491 791 534 839 2,
558 791 638 841 22.)
699 791 910 831 Praxitelen
936 791 1033 840 XII,
1064 791 1129 836 10,
1155 791 1190 830 9.
1243 793 1297 829 At
1322 788 1581 829 Andocidem.

248 852 339 899 ΧΠ,
368 855 427 900 10,
454 855 516 895 21.

349 934 388 973 Ρ.
422 917 576 962 XXIII.
634 922 698 973 .d)
731 922 941 962 Ablativus
979 922 1128 973 primae
1158 921 1370 972 positionis
1409 935 1430 961 e
1466 925 1506 959 et
1539 931 1583 958 es

250 985 477 1038 plerumque
506 988 655 1027 desinit
679 988 720 1026 in
748 1000 782 1037 e,
807 1000 898 1026 nam
923 988 1065 1026 musica
1091 991 1241 1026 tantum
1257 987 1309 1034 ΙΙ,
1334 989 1370 1033 3,
1395 988 1441 1026 41
1470 998 1584 1036 repe·

248 1052 381 1092 ritur.“
435 1053 482 1093 Β.
508 1053 623 1092 Adde
650 1053 684 1100 1,
711 1053 749 1099 7,
776 1052 826 1093 34
848 1054 1103 1104 grammatica,
1138 1053 1188 1100 11,
1213 1053 1275 1098 21,
1302 1054 1349 1094 17
1381 1053 1533 1091 mustea.

351 1131 390 1169 p.
417 1118 570 1158 XXIV.
625 1112 1044 1164 „Arbitror‘Nostrum
1079 1118 1371 1157 Nominativum
1403 1116 1585 1156 Maseuli-

250 1195 388 1222 norum
417 1184 517 1232 (scil.
543 1184 687 1223 tertiae
722 1183 881 1233 deelin.)
911 1184 1054 1234 ubique
1089 1197 1112 1224 o
1148 1189 1189 1224 et
1214 1198 1240 1224 n
1265 1184 1413 1229 literis,
1446 1195 1527 1221 non
1561 1193 1585 1219 ο

250 1249 412 1294 finiisse,
434 1250 475 1288 in
494 1262 571 1300 qua
590 1249 776 1300 opinione
803 1253 845 1289 et
867 1250 992 1301 ipsius
1013 1250 1147 1293 verbis
1172 1251 1205 1295 Ι,
1231 1251 1269 1296 5,
1296 1251 1358 1297 60,
1388 1248 1586 1299 exemplo-

250 1328 334 1355 rum
352 1315 470 1366 copia
492 1315 712 1361 confirmor,
739 1319 783 1354 ut
796 1314 1021 1368 Aqlaopkon,
1042 1317 1099 1358 12.
1124 1316 1183 1359 10,
1209 1317 1267 1364 3,·
1290 1316 1382 1355 alia.
1409 1316 1454 1355 B.
1470 1314 1587 1353 Adde

251 1381 377 1420 Molon
413 1382 483 1424 ΙΙΙ,
524 1382 557 1429 1,
600 1382 658 1421 16.
710 1393 749 1431 Ρ.
776 1382 927 1420 XXIV.
971 1383 1040 1427 „In
1066 1382 1308 1420 Accusativo
1337 1381 1447 1431 Sing.
1488 1381 1588 1418 haec

253 1447 390 1485 eadem
414 1444 583 1485 Nomina
610 1447 705 1496 (-on,
734 1447 839 1498 onis)
857 1447 1000 1497 partim
1025 1448 1064 1485 in
1092 1461 1165 1487 ona
1192 1451 1351 1492 exeunt,
1377 1446 1524 1497 partim
1547 1444 1590 1482 in

252 1523 367 1560 onem,
401 1515 444 1550 ut
470 1508 668 1561 Platonem,
702 1512 761 1561 ΙΙ,
787 1513 823 1552 2.
850 1513 911 1562 9“,
945 1513 993 1552 Β.
1018 1512 1135 1551 Adde
1166 1511 1434 1564 Euphorionem
1467 1509 1518 1554 X,
1553 1510 1587 1557 1,

253 1574 554 1628 Aqamemnonem
580 1578 646 1624 IX,
671 1579 706 1621 3.
730 1578 792 1618 57.
820 1578 889 1623 XI,
919 1580 951 1624 1,
975 1579 1037 1619 37.
1086 1579 1235 1624 ..Porro
1255 1581 1417 1617 servata
1434 1579 1499 1616 est
1513 1574 1588 1614 La-

253 1643 338 1681 tina
353 1643 483 1681 forma
499 1643 541 1682 in
559 1643 818 1693 ,Chremetem
846 1647 881 1694 8,
909 1645 945 1695 2,
973 1645 1033 1684 10.
1062 1650 1103 1685 et
1127 1646 1168 1683 in
1195 1644 1262 1692 iis,
1300 1655 1402 1693 quae
1418 1640 1588 1692 Euphra-

252 1718 378 1748 norem
403 1709 462 1760 12,
491 1709 550 1758 10,
579 1708 627 1749 12
653 1712 695 1749 et,
717 1708 1008 1762 Aristophontem
1030 1711 1067 1759 5,
1098 1712 1158 1758 12,
1184 1710 1232 1751 10
1258 1706 1507 1760 sequuntur}
1543 1705 1589 1746 B.

253 1775 394 1824 Itaque
428 1773 612 1813 Castorem
643 1776 676 1824 Ι,
701 1775 738 1825 5,
765 1775 826 1815 60.
860 1777 1038 1816 rhetorem
1071 1791 1129 1828 pr.
1166 1778 1227 1816 21.
1260 1777 1312 1820 Π,
1338 1776 1376 1820 4,
1403 1775 1440 1813 2.
1489 1772 1589 1810 Anti-

249 1837 422 1890 phontem
447 1837 539 1888 ΧΠ,
569 1840 627 1890 10,
655 1840 717 1880 22.
750 1840 1021 1894 Xenophontem
1046 1841 1140 1888 XII,
1170 1841 1231 1887 10,
1257 1840 1295 1880 4.
1332 1840 1409 1885 ,At
1433 1838 1592 1878 Graeca

256 1904 401 1954 (forma
428 1909 589 1945 servata
617 1907 698 1958 est)
729 1907 770 1945 in
800 1907 941 1946 Coraca
973 1907 1009 1953 2,
1037 1909 1096 1958 17,
1124 1907 1159 1951 7,
1187 1906 1343 1958 Cyclopa
1370 1907 1405 1955 8,
1438 1905 1475 1953 3,
1502 1902 1587 1942 84.“

255 1967 301 2010 B.
327 1967 385 2010 At
409 1969 622 2026 Phoenicem
647 1971 699 2017 11,
730 1972 788 2021 17,
816 1973 853 2011 8.

351 2049 390 2087 Ρ.
425 2033 553 2076 XXV.
608 2038 743 2082 ,Adde
778 2039 881 2087 (scil.
917 2039 968 2076 ad
994 2038 1257 2078 Accusativos
1291 2041 1334 2077 ut
1365 2035 1497 2083 theson)
1528 2033 1592 2071 tri-

256 2100 419 2152 brachyn
451 2104 569 2152 atque
604 2114 625 2140 e
659 2104 859 2141 contrario
893 2102 1137 2144 Bonnam·
1206 2103 1251 2142 Β.
1285 2103 1401 2141 Adde
1435 2110 1591 2150 quoque

257 2163 488 2223 tyrannidem
512 2166 563 2214 V,
584 2167 644 2213 11,
663 2168 699 2208 8.
712 2168 803 2219 VH,
829 2168 867 2214 2,
896 2169 954 2209 11.
980 2168 1044 2208 49.
1085 2169 1226 2209 Omisit
1237 2166 1469 2208 Bonnellius
1489 2163 1591 2204 Neu·

257 2239 322 2275 tra
346 2230 389 2273 in
418 2247 455 2280 α,
490 2245 583 2282 ατος,
616 2246 778 2285 quorum
805 2234 1036 2274 Genetivum
1064 2235 1326 2284 Quintilianus
1358 2238 1441 2273 tum
1471 2232 1514 2270 in
1546 2231 1594 2269 tis·

256 2300 368 2348 facit,
394 2300 664 2353 ‘enthymematis
690 2299 741 2345 V,
776 2300 835 2345 14,
861 2300 898 2340 4.
926 2299 1189 2352 epzehtremattle
1214 2300 1264 2351 V,
1292 2301 1352 2346 14,
1380 2300 1429 2339 14
1450 2296 1592 2350 epipho-

258 2367 412 2408 nematis
436 2360 546 2416 VIII,
571 2367 607 2413 6,
635 2364 694 2405 11.
721 2369 801 2405 tum
827 2366 868 2404 in
894 2371 960 2406 tos.
983 2366 1256 2418 epichirematos
1272 2365 1321 2412 V,
1349 2366 1408 2415 14,
1434 2363 1472 2404 5.
1497 2362 1593 2402 sche-

260 2440 376 2473 matoe
401 2432 471 2479 IX,
499 2432 534 2478 1,
563 2432 599 2471 7.
625 2453 675 2460 -

365 2498 557 2546 Quoniam
583 2509 680 2537 vero
698 2497 940 2537 Graecorum
968 2510 1054 2537 eum
1078 2498 1236 2537 litteras
1261 2502 1343 2536 tum
1368 2494 1594 2536 rhetoricen

260 2565 370 2618 prius
389 2576 504 2616 quam
518 2562 782 2603 Roma-norum
800 2563 980 2603 excultas
1008 2575 1111 2609 esse,
1137 2566 1178 2601 et
1202 2562 1398 2603 Graecam
1420 2562 1595 2612 linguam

262 2632 384 2672 multo
409 2629 676 2681 copiosiorem
710 2632 753 2669 et
776 2628 972 2680 fingendis
1005 2629 1227 2670 nominibus
1270 2630 1465 2680 aptiorem
1505 2636 1596 2668 esse

260 2700 378 2753 {luein
396 2695 576 2740 Latinam
599 2695 757 2742 seimus,
777 2691 883 2739 haud
896 2691 1132 2742 mirabimur,
1160 2694 1267 2754 quod
1283 2694 1453 2742 Romani
1471 2693 1594 2750 longe
