1777 3029
880 156 946 195 =26

250 277 372 326 gitur;
404 281 446 315 et
471 278 549 316 iam
578 289 664 316 cum
690 277 856 317 sceleris
881 289 1044 328 compos
1071 276 1163 317 fuit:
1192 276 1469 325 sollicitudine,
1497 287 1591 327 poe-

250 343 430 390 nitentia,
460 355 676 392 poenarnm
705 341 875 381 omnium
902 343 1183 393 expectatione
1209 341 1454 393 torquemr.“

770 407 806 445 3.
859 407 927 446 De
960 408 1082 446 iure.

352 472 442 519 VII,
460 472 496 518 4,
516 469 552 507 5
573 470 617 508 6:
645 470 821 517 „Iustum
847 483 962 510 omne
990 473 1216 511 continetur
1241 475 1385 510 natura
1412 471 1476 509 vel
1502 482 1593 509 con-

250 537 475 586 stitution03
503 538 654 584 natura,
683 535 787 586 quod
817 536 1031 576 secundum
1059 536 1247 589 cuiusque
1267 536 1329 576 rei
1350 535 1595 587 dignitatem.

247 604 353 641 Hinc
383 606 473 641 sunt
499 602 650 650 pietas,
679 601 797 648 fides,
825 602 1071 641 continentia
1097 606 1138 641 et
1163 603 1270 641 talia.
1325 602 1530 640 Adiiciunt
1555 606 1596 640 et

249 668 308 715 id,
345 666 450 717 quod
487 665 539 703 sit
578 677 662 721 par.
715 665 864 704 Verum
895 665 936 704 id
969 678 1049 705 non
1082 670 1234 706 temere
1266 666 1494 706 intuendum
1520 670 1594 707 est.

250 732 345 771 Nam
374 736 416 771 et
442 731 502 770 vis
530 734 673 770 contra
697 731 776 770 vim
803 734 844 770 et
868 730 965 770 talio
985 730 1083 771 nihil
1100 731 1252 772 habeut
1268 732 1477 772 adversum
1496 743 1595 783 eum,

251 798 315 848 qui
352 797 461 847 prior
496 795 610 846 fecit,
645 796 801 844 iniusti;
836 800 878 835 et
909 808 1011 845 non,
1039 798 1224 847 quoniam
1254 810 1322 837 res
1347 809 1466 849 pares
1493 801 1596 848 sunt,

250 864 368 902 etiam
396 863 435 901 id
465 866 529 900 est
556 862 710 911 iustum,
739 861 843 912 quod
873 863 1102 902 antecessit.
1154 863 1232 902 Illa
1264 864 1447 914 utrinque
1480 864 1596 913 iusta,

250 929 387 967 eadem
422 928 508 976 lex,
549 927 689 966 eadem
716 927 920 976 condicio;
954 939 1001 966 ac
1034 927 1202 967 forsitan
1238 940 1288 967 ne
1324 929 1404 968 sint
1440 929 1596 980 quidem

250 994 382 1044 paria,
420 1005 523 1042 quae
552 992 634 1030 ulla
658 995 774 1042 parte
806 996 897 1031 sunt
923 993 1144 1034 dissimilia.
1198 992 1440 1034 Constitutio
1468 998 1532 1033 est
1556 994 1595 1033 in

249 1060 362 1108 lege,
391 1070 518 1105 more,
546 1057 743 1106 iudicato,
771 1058 928 1107 pact0.“
979 1058 1079 1107 XII,
1106 1059 1149 1107 3,
1177 1059 1220 1098 6:
1257 1057 1452 1110 „Namque
1480 1069 1595 1098 omne

249 1125 328 1172 ius,
377 1122 481 1173 quod
520 1126 584 1161 est
617 1126 785 1170 certum,
831 1126 899 1161 aut
933 1123 1083 1173 scripto
1119 1127 1188 1162 aut
1216 1124 1390 1163 moribus
1417 1128 1597 1174 constat;

252 1189 411 1227 dubium
438 1187 653 1238 aequitatis
680 1187 820 1237 regula
847 1187 1150 1227 examinandum
1177 1190 1277 1228 est.“

356 1254 397 1293 Si
432 1254 491 1293 ius
526 1254 718 1303 violatur,
754 1253 872 1304 quasi
907 1253 1193 1293 restituendum
1226 1259 1290 1295 est
1316 1268 1449 1307 poena.
1503 1253 1597 1294 Nam

253 1321 406 1360 etiamsi
442 1319 533 1358 mali
568 1320 608 1358 in
642 1320 769 1359 bonas
804 1324 913 1359 artes
950 1320 1093 1359 mutari
1119 1325 1289 1371 possunt
1315 1325 1356 1361 et
1381 1321 1493 1371 ipsos
1519 1322 1595 1359 iam

253 1401 325 1426 sua
360 1386 609 1425 conscicntia
640 1385 771 1436 puniri
806 1386 967 1434 scimus,
1014 1389 1146 1425 tamen
1182 1399 1313 1437 poena
1345 1387 1453 1426 nullo
1478 1387 1596 1426 modo

254 1451 538 1492 summovenda
573 1455 647 1491 est.
701 1451 841 1491 Poena
883 1452 1004 1501 enim,
1052 1453 1156 1492 sicut
1195 1453 1299 1492 inter
1341 1452 1596 1492 doctissimos

253 1522 429 1566 constat,
464 1530 544 1555 non
573 1517 701 1556 solum
728 1529 861 1556 mores
888 1518 1077 1556 malorum
1106 1519 1282 1570 corriget
1309 1523 1429 1568 atque
1457 1519 1496 1557 in
1518 1531 1596 1557 me·

250 1584 325 1623 lius
366 1586 516 1631 vertet,
567 1582 639 1621 sed
672 1582 790 1621 etiam
830 1582 1021 1622 violatum
1068 1583 1129 1623 ius
1170 1584 1283 1634 quasi
1321 1583 1508 1623 restituet
1551 1596 1598 1623 uc

249 1649 554 1700 redintegrabit.
634 1646 811 1695 Quocum
880 1648 978 1687 illud
1030 1648 1352 1699 Quintilianeum‚
1378 1671 1380 1673 ·
1403 1657 1597 1690 nocentes

252 1716 387 1754 salvos
432 1714 516 1753 fieri
561 1713 687 1765 magis
715 1724 750 1771 e*
780 1713 987 1764 republica.
1031 1725 1122 1753 esse
1151 1726 1266 1765 quam
1296 1715 1437 1766 puniri,
1481 1713 1590 1765 (ΧΠ,

253 1783 287 1831 1,
325 1779 392 1832 42)
430 1793 569 1831 parum
611 1778 805 1831 congruit.
885 1778 966 1818 Sed
1007 1780 1095 1831 ipse
1142 1780 1262 1831 longe
1309 1780 1427 1820 aliter
1471 1780 1596 1821 disse-

250 1848 304 1886 rit
328 1846 427 1894 XII,
464 1847 497 1894 7,
530 1847 560 1884 1.
588 1845 632 1884 2:
659 1844 785 1893 „Nam
823 1848 864 1883 et
895 1845 1009 1896 leges
1042 1846 1156 1896 ipsae
1190 1846 1286 1884 nihil
1323 1846 1477 1895 valent,
1520 1847 1597 1886 nisi

252 1912 401 1952 actoris
436 1911 584 1950 idonea
618 1921 720 1950 voce
755 1910 945 1960 munitae;
978 1913 1020 1950 et
1053 1910 1087 1951 si
1119 1922 1273 1962 poenas
1308 1911 1503 1952 scelerum
1531 1923 1597 1951 ex·

251 1983 392 2030 petere
427 1978 491 2017 fas
527 1989 608 2015 non
643 1980 724 2016 est:
759 1988 886 2027 prope
919 1981 1000 2026 est,
1034 1980 1078 2015 ut
1103 1977 1259 2016 scelera
1290 1977 1381 2030 ipsa
1405 1979 1598 2029 permissa

251 2045 348 2084 sint:
397 2047 438 2081 et
476 2042 679 2080 licentiam
721 2041 836 2081 malis
871 2042 977 2088 dari,
1023 2046 1133 2081 certe
1182 2046 1323 2083 contra
1361 2045 1490 2083 bonos
1524 2047 1596 2083 est.

252 2110 382 2157 Quare
413 2120 540 2158 neque
578 2106 777 2146 sociorum
806 2108 1007 2158 querellas
1041 2119 1117 2147 nec
1153 2107 1268 2147 amici
1294 2108 1358 2148 vel
1384 2109 1598 2160 propinqui

250 2187 387 2214 necem
415 2185 491 2212 uec
518 2176 728 2223 erupturas
755 2173 795 2210 in
812 2173 1095 2224 rempublicam
1115 2174 1435 2224 conspirationes
1452 2174 1597 2213 inultas

250 2241 428 2293 patietur
455 2243 604 2286 orator,
631 2251 711 2278 non
739 2250 896 2290 poenae
915 2238 1142 2280 nocentium
1163 2239 1343 2291 cupidus,
1370 2239 1443 2279 sed
1469 2251 1596 2278 emen·

253 2307 375 2346 dandi
404 2306 498 2344 vitia
527 2305 834 2355 corrigendique
862 2316 1006 2344 mores.
1044 2302 1141 2344 Nam
1167 2305 1233 2356 qui
1258 2305 1417 2345 ratione
1443 2304 1597 2344 traduci

251 2372 304 2412 ad
331 2371 497 2411 meliora
524 2383 604 2411 non
630 2374 813 2422 possunt,
839 2370 929 2410 solo
955 2374 1063 2411 metu
1090 2369 1381 2411 continentur.“
1408 2370 1488 2411 Ubi
1502 2381 1596 2410 vero

250 2437 565 2476 accusandorum
593 2437 981 2487 coercendorumque
1009 2437 1202 2477 malorum
1229 2436 1401 2476 officium
1427 2437 1494 2476 uni
1519 2448 1595 2475 ma-

249 2501 442 2554 gistratui,
472 2501 574 2541 sicut
601 2501 706 2553 apud
732 2513 827 2548 nos,
855 2513 936 2541 non
963 2502 1152 2541 traditum
1180 2505 1260 2551 est,
1292 2501 1449 2552 plurimi
1475 2501 1595 2541 inter·

250 2571 329 2615 est,
373 2567 561 2617 optimum
598 2578 791 2618 quemque
833 2567 874 2606 id
908 2579 1047 2608 munus
1083 2568 1199 2618 quasi
1233 2579 1341 2607 suum
1374 2567 1577 2618 suscipere
1585 2590 1596 2626 3

247 2633 383 2683 itaque
408 2632 538 2672 bonos
568 2632 676 2672 cives
707 2631 973 2678 Quintilianus
1001 2632 1239 2672 adhortatur
1265 2631 1315 2670 ad
1343 2632 1591 2675 accusandos
