<?xml version="1.0" encoding="UTF-8"?>
<!DOCTYPE html PUBLIC "-//W3C//DTD XHTML 1.0 Transitional//EN"
    "http://www.w3.org/TR/xhtml1/DTD/xhtml1-transitional.dtd">
<html xmlns="http://www.w3.org/1999/xhtml" xml:lang="en" lang="en">
 <head>
  <title>
</title>
<meta http-equiv="Content-Type" content="text/html;charset=utf-8" />
  <meta name='ocr-system' content='tesseract 3.04.00' />
  <meta name='ocr-capabilities' content='ocr_page ocr_carea ocr_par ocr_line ocrx_word'/>
</head>
<body>
  <div class='ocr_page' id='page_1' title='image "4771432_0025.png"; bbox 0 0 1777 3029; ppageno 0'>
   <div class='ocr_carea' id='block_1_1' title="bbox 889 163 957 206">
    <p class='ocr_par' dir='ltr' id='par_1_1' title="bbox 889 163 957 206">
     <span class='ocr_line' id='line_1_1' title="bbox 889 163 957 206; baseline 0 0"><span class='ocrx_word' id='word_1_1' title='bbox 889 163 957 206; x_wconf 74' lang='lat'><strong>191</strong></span> 
     </span>
    </p>
   </div>
   <div class='ocr_carea' id='block_1_2' title="bbox 237 279 1598 1977">
    <p class='ocr_par' dir='ltr' id='par_1_2' title="bbox 237 279 1598 1977">
     <span class='ocr_line' id='line_1_2' title="bbox 251 279 1580 340; baseline -0.001 -12"><span class='ocrx_word' id='word_1_2' title='bbox 251 283 538 329; x_wconf 65' lang='lat' dir='ltr'><strong>diomhones</strong></span> <span class='ocrx_word' id='word_1_3' title='bbox 573 287 598 309; x_wconf 84' lang='grc'><strong>’-</strong></span> <span class='ocrx_word' id='word_1_4' title='bbox 677 283 844 339; x_wconf 77' lang='lat' dir='ltr'><strong>utraque</strong></span> <span class='ocrx_word' id='word_1_5' title='bbox 875 286 1069 333; x_wconf 82' lang='lat' dir='ltr'><strong>nemiuem</strong></span> <span class='ocrx_word' id='word_1_6' title='bbox 1102 300 1151 328; x_wconf 88' lang='lat' dir='ltr'><strong>un</strong></span> <span class='ocrx_word' id='word_1_7' title='bbox 1182 299 1269 340; x_wconf 68' lang='lat' dir='ltr'><strong>uum</strong></span> <span class='ocrx_word' id='word_1_8' title='bbox 1303 285 1383 327; x_wconf 88' lang='lat' dir='ltr'><strong>ullo</strong></span> <span class='ocrx_word' id='word_1_9' title='bbox 1410 287 1451 326; x_wconf 91' lang='lat' dir='ltr'><strong>in</strong></span> <span class='ocrx_word' id='word_1_10' title='bbox 1476 279 1580 338; x_wconf 86' lang='lat' dir='ltr'><strong>loco,</strong></span> 
     </span>
     <span class='ocr_line' id='line_1_3' title="bbox 237 353 1580 406; baseline 0.001 -13"><span class='ocrx_word' id='word_1_11' title='bbox 237 353 428 404; x_wconf 73' lang='lat' dir='ltr'><strong>turpiter.</strong></span> <span class='ocrx_word' id='word_1_12' title='bbox 475 353 629 395; x_wconf 77' lang='lat' dir='ltr'><strong>Minora</strong></span> <span class='ocrx_word' id='word_1_13' title='bbox 657 367 754 396; x_wconf 80' lang='lat' dir='ltr'><strong>vero</strong></span> <span class='ocrx_word' id='word_1_14' title='bbox 779 365 962 405; x_wconf 76' lang='lat' dir='ltr'><strong>quaeque</strong></span> <span class='ocrx_word' id='word_1_15' title='bbox 992 359 1084 395; x_wconf 86' lang='lat' dir='ltr'><strong>suut</strong></span> <span class='ocrx_word' id='word_1_16' title='bbox 1109 367 1160 394; x_wconf 83' lang='lat' dir='ltr'><strong>ex</strong></span> <span class='ocrx_word' id='word_1_17' title='bbox 1185 355 1326 395; x_wconf 86' lang='lat' dir='ltr'><strong>mediis</strong></span> <span class='ocrx_word' id='word_1_18' title='bbox 1353 354 1580 406; x_wconf 90' lang='lat' dir='ltr'><strong>plerumque</strong></span> 
     </span>
     <span class='ocr_line' id='line_1_4' title="bbox 246 418 1582 471; baseline 0 -12"><span class='ocrx_word' id='word_1_19' title='bbox 246 423 339 459; x_wconf 72' lang='lat' dir='ltr'><strong>sunt</strong></span> <span class='ocrx_word' id='word_1_20' title='bbox 362 418 471 468; x_wconf 69' lang='lat' dir='ltr'><strong>talis,</strong></span> <span class='ocrx_word' id='word_1_21' title='bbox 498 423 541 459; x_wconf 80' lang='lat' dir='ltr'><strong>ut</strong></span> <span class='ocrx_word' id='word_1_22' title='bbox 563 420 652 460; x_wconf 76' lang='lat' dir='ltr'><strong>aliis</strong></span> <span class='ocrx_word' id='word_1_23' title='bbox 678 421 759 460; x_wconf 84' lang='lat' dir='ltr'><strong>sint</strong></span> <span class='ocrx_word' id='word_1_24' title='bbox 783 419 1054 465; x_wconf 72' lang='lat' dir='ltr'><strong>concedenda,</strong></span> <span class='ocrx_word' id='word_1_25' title='bbox 1081 421 1169 461; x_wconf 77' lang='lat' dir='ltr'><strong>aliis</strong></span> <span class='ocrx_word' id='word_1_26' title='bbox 1196 433 1277 460; x_wconf 89' lang='lat' dir='ltr'><strong>nou</strong></span> <span class='ocrx_word' id='word_1_27' title='bbox 1300 421 1393 466; x_wconf 86' lang='lat' dir='ltr'><strong>sint,</strong></span> <span class='ocrx_word' id='word_1_28' title='bbox 1421 424 1490 459; x_wconf 82' lang='lat' dir='ltr'><strong>aut</strong></span> <span class='ocrx_word' id='word_1_29' title='bbox 1507 433 1582 471; x_wconf 85' lang='lat' dir='ltr'><strong>pro</strong></span> 
     </span>
     <span class='ocr_line' id='line_1_5' title="bbox 245 483 1585 537; baseline 0 -12"><span class='ocrx_word' id='word_1_30' title='bbox 245 496 435 537; x_wconf 72' lang='lat' dir='ltr'><strong>persona,</strong></span> <span class='ocrx_word' id='word_1_31' title='bbox 460 488 655 537; x_wconf 77' lang='lat' dir='ltr'><strong>tempore,</strong></span> <span class='ocrx_word' id='word_1_32' title='bbox 680 483 785 532; x_wconf 81' lang='lat' dir='ltr'><strong>loeo,</strong></span> <span class='ocrx_word' id='word_1_33' title='bbox 812 497 937 526; x_wconf 77' lang='lat' dir='ltr'><strong>causa</strong></span> <span class='ocrx_word' id='word_1_34' title='bbox 953 487 1082 536; x_wconf 82' lang='lat' dir='ltr'><strong>magis</strong></span> <span class='ocrx_word' id='word_1_35' title='bbox 1101 499 1150 527; x_wconf 79' lang='lat' dir='ltr'><strong>ac</strong></span> <span class='ocrx_word' id='word_1_36' title='bbox 1169 487 1292 526; x_wconf 88' lang='lat' dir='ltr'><strong>minus</strong></span> <span class='ocrx_word' id='word_1_37' title='bbox 1309 485 1376 525; x_wconf 86' lang='lat' dir='ltr'><strong>vel</strong></span> <span class='ocrx_word' id='word_1_38' title='bbox 1391 490 1585 525; x_wconf 76' lang='lat' dir='ltr'><strong>excusata</strong></span> 
     </span>
     <span class='ocr_line' id='line_1_6' title="bbox 247 550 1583 603; baseline 0 -13"><span class='ocrx_word' id='word_1_39' title='bbox 247 550 422 590; x_wconf 77' lang='lat' dir='ltr'><strong>debeant</strong></span> <span class='ocrx_word' id='word_1_40' title='bbox 438 550 565 590; x_wconf 84' lang='lat' dir='ltr'><strong>videri</strong></span> <span class='ocrx_word' id='word_1_41' title='bbox 582 551 649 591; x_wconf 87' lang='lat' dir='ltr'><strong>vel</strong></span> <span class='ocrx_word' id='word_1_42' title='bbox 666 551 1033 603; x_wconf 64' lang='lat' dir='ltr'><strong>reprehendendaf‘</strong></span> <span class='ocrx_word' id='word_1_43' title='bbox 1077 552 1129 592; x_wconf 85' lang='lat' dir='ltr'><strong>cs.</strong></span> <span class='ocrx_word' id='word_1_44' title='bbox 1154 552 1209 597; x_wconf 90' lang='lat'><strong>11,</strong></span> <span class='ocrx_word' id='word_1_45' title='bbox 1235 552 1299 598; x_wconf 84' lang='lat'><strong>20,</strong></span> <span class='ocrx_word' id='word_1_46' title='bbox 1328 553 1370 592; x_wconf 87' lang='lat'><strong>1:</strong></span> <span class='ocrx_word' id='word_1_47' title='bbox 1399 551 1583 602; x_wconf 80' lang='lat' dir='ltr'>„Mediae</span> 
     </span>
     <span class='ocr_line' id='line_1_7' title="bbox 246 616 1583 668; baseline -0.001 -11"><span class='ocrx_word' id='word_1_48' title='bbox 246 620 367 666; x_wconf 76' lang='lat' dir='ltr'><strong>artes,</strong></span> <span class='ocrx_word' id='word_1_49' title='bbox 395 628 500 667; x_wconf 81' lang='lat' dir='ltr'><strong>quae</strong></span> <span class='ocrx_word' id='word_1_50' title='bbox 526 628 656 667; x_wconf 86' lang='lat' dir='ltr'><strong>neque</strong></span> <span class='ocrx_word' id='word_1_51' title='bbox 675 616 831 656; x_wconf 74' lang='lat' dir='ltr'><strong>laudari</strong></span> <span class='ocrx_word' id='word_1_52' title='bbox 847 628 920 667; x_wconf 89' lang='lat' dir='ltr'><strong>per</strong></span> <span class='ocrx_word' id='word_1_53' title='bbox 945 628 1002 664; x_wconf 89' lang='lat' dir='ltr'><strong>se,</strong></span> <span class='ocrx_word' id='word_1_54' title='bbox 1027 629 1156 668; x_wconf 88' lang='lat' dir='ltr'><strong>neque</strong></span> <span class='ocrx_word' id='word_1_55' title='bbox 1170 617 1385 667; x_wconf 80' lang='lat' dir='ltr'><strong>vituperari</strong></span> <span class='ocrx_word' id='word_1_56' title='bbox 1402 622 1583 668; x_wconf 80' lang='lat' dir='ltr'>possunt,</span> 
     </span>
     <span class='ocr_line' id='line_1_8' title="bbox 247 682 1585 738; baseline -0.001 -16"><span class='ocrx_word' id='word_1_57' title='bbox 247 682 320 722; x_wconf 83' lang='lat' dir='ltr'><strong>sed</strong></span> <span class='ocrx_word' id='word_1_58' title='bbox 345 682 473 722; x_wconf 82' lang='lat' dir='ltr'><strong>utiles</strong></span> <span class='ocrx_word' id='word_1_59' title='bbox 489 685 559 720; x_wconf 81' lang='lat' dir='ltr'><strong>aut</strong></span> <span class='ocrx_word' id='word_1_60' title='bbox 584 693 700 722; x_wconf 81' lang='lat' dir='ltr'><strong>secus</strong></span> <span class='ocrx_word' id='word_1_61' title='bbox 727 683 942 722; x_wconf 87' lang='lat' dir='ltr'><strong>secundum</strong></span> <span class='ocrx_word' id='word_1_62' title='bbox 968 695 1098 738; x_wconf 85' lang='lat' dir='ltr'><strong>mores</strong></span> <span class='ocrx_word' id='word_1_63' title='bbox 1125 683 1314 722; x_wconf 86' lang='lat' dir='ltr'><strong>utentium</strong></span> <span class='ocrx_word' id='word_1_64' title='bbox 1337 683 1472 721; x_wconf 86' lang='lat' dir='ltr'><strong>fiunt.“</strong></span> <span class='ocrx_word' id='word_1_65' title='bbox 1500 682 1585 722; x_wconf 91' lang='lat' dir='ltr'><strong>Sin·</strong></span> 
     </span>
     <span class='ocr_line' id='line_1_9' title="bbox 248 746 1587 799; baseline 0.001 -13"><span class='ocrx_word' id='word_1_66' title='bbox 248 747 343 799; x_wconf 75' lang='lat' dir='ltr'><strong>gula</strong></span> <span class='ocrx_word' id='word_1_67' title='bbox 368 746 562 799; x_wconf 77' lang='lat' dir='ltr'><strong>quaedam</strong></span> <span class='ocrx_word' id='word_1_68' title='bbox 589 747 638 787; x_wconf 89' lang='lat' dir='ltr'><strong>de</strong></span> <span class='ocrx_word' id='word_1_69' title='bbox 673 747 748 787; x_wconf 83' lang='lat' dir='ltr'><strong>hac</strong></span> <span class='ocrx_word' id='word_1_70' title='bbox 786 759 830 787; x_wconf 89' lang='lat' dir='ltr'><strong>re</strong></span> <span class='ocrx_word' id='word_1_71' title='bbox 857 747 1110 788; x_wconf 84' lang='lat' dir='ltr'><strong>inveniuntur</strong></span> <span class='ocrx_word' id='word_1_72' title='bbox 1135 748 1208 794; x_wconf 87' lang='lat'><strong>111,</strong></span> <span class='ocrx_word' id='word_1_73' title='bbox 1242 748 1278 799; x_wconf 87' lang='lat'><strong>8,</strong></span> <span class='ocrx_word' id='word_1_74' title='bbox 1299 748 1361 787; x_wconf 74' lang='lat'><strong>30,</strong></span> <span class='ocrx_word' id='word_1_75' title='bbox 1387 748 1449 788; x_wconf 85' lang='lat'><strong>31.</strong></span> <span class='ocrx_word' id='word_1_76' title='bbox 1504 747 1587 787; x_wconf 81' lang='lat' dir='ltr'><strong>Sed</strong></span> 
     </span>
     <span class='ocr_line' id='line_1_10' title="bbox 247 812 1588 864; baseline 0 -11"><span class='ocrx_word' id='word_1_77' title='bbox 247 814 420 854; x_wconf 77' lang='lat' dir='ltr'><strong>libenter</strong></span> <span class='ocrx_word' id='word_1_78' title='bbox 446 812 726 860; x_wconf 78' lang='lat' dir='ltr'>Quintilianum</span> <span class='ocrx_word' id='word_1_79' title='bbox 751 813 1145 854; x_wconf 44' lang='lat' dir='ltr'><strong>hactenussecutus*</strong></span> <span class='ocrx_word' id='word_1_80' title='bbox 1166 814 1270 853; x_wconf 82' lang='lat' dir='ltr'><strong>ultra</strong></span> <span class='ocrx_word' id='word_1_81' title='bbox 1298 814 1479 864; x_wconf 78' lang='lat' dir='ltr'><strong>equidem</strong></span> <span class='ocrx_word' id='word_1_82' title='bbox 1506 827 1588 853; x_wconf 88' lang='lat' dir='ltr'><strong>non</strong></span> 
     </span>
     <span class='ocr_line' id='line_1_11' title="bbox 249 877 1587 930; baseline -0.001 -12"><span class='ocrx_word' id='word_1_83' title='bbox 249 890 424 930; x_wconf 77' lang='lat' dir='ltr'><strong>pergam.</strong></span> <span class='ocrx_word' id='word_1_84' title='bbox 488 877 589 917; x_wconf 79' lang='lat' dir='ltr'><strong>Nam</strong></span> <span class='ocrx_word' id='word_1_85' title='bbox 634 878 874 929; x_wconf 74' lang='lat' dir='ltr'><strong>„aliquando</strong></span> <span class='ocrx_word' id='word_1_86' title='bbox 910 878 1025 918; x_wconf 89' lang='lat' dir='ltr'><strong>bonis</strong></span> <span class='ocrx_word' id='word_1_87' title='bbox 1067 892 1223 930; x_wconf 87' lang='lat' dir='ltr'><strong>quoque</strong></span> <span class='ocrx_word' id='word_1_88' title='bbox 1262 891 1400 929; x_wconf 74' lang='lat' dir='ltr'><strong>panum</strong></span> <span class='ocrx_word' id='word_1_89' title='bbox 1439 880 1587 919; x_wconf 73' lang='lat' dir='ltr'><strong>decom</strong></span> 
     </span>
     <span class='ocr_line' id='line_1_12' title="bbox 250 944 1587 997; baseline 0.002 -14"><span class='ocrx_word' id='word_1_90' title='bbox 250 944 456 984; x_wconf 73' lang='lat' dir='ltr'><strong>suadenda</strong></span> <span class='ocrx_word' id='word_1_91' title='bbox 474 945 592 984; x_wconf 83' lang='lat' dir='ltr'><strong>esse“</strong></span> <span class='ocrx_word' id='word_1_92' title='bbox 612 945 830 983; x_wconf 75' lang='lat' dir='ltr'><strong>contendit.</strong></span> <span class='ocrx_word' id='word_1_93' title='bbox 870 945 941 989; x_wconf 86' lang='grc' dir='ltr'><strong>ΠΙ,</strong></span> <span class='ocrx_word' id='word_1_94' title='bbox 967 946 1002 990; x_wconf 89' lang='grc'><strong>8,</strong></span> <span class='ocrx_word' id='word_1_95' title='bbox 1028 946 1089 984; x_wconf 77' lang='grc'><strong>41.</strong></span> <span class='ocrx_word' id='word_1_96' title='bbox 1118 958 1229 997; x_wconf 83' lang='lat' dir='ltr'><strong>seqq.</strong></span> <span class='ocrx_word' id='word_1_97' title='bbox 1273 946 1411 996; x_wconf 80' lang='lat' dir='ltr'><strong>Pergit</strong></span> <span class='ocrx_word' id='word_1_98' title='bbox 1437 950 1587 986; x_wconf 80' lang='lat' dir='ltr'><strong>autem:</strong></span> 
     </span>
     <span class='ocr_line' id='line_1_13' title="bbox 253 1009 1588 1061; baseline 0.001 -13"><span class='ocrx_word' id='word_1_99' title='bbox 253 1009 362 1058; x_wconf 84' lang='lat' dir='ltr'><strong>„Sed</strong></span> <span class='ocrx_word' id='word_1_100' title='bbox 385 1010 478 1060; x_wconf 81' lang='lat' dir='ltr'><strong>quia</strong></span> <span class='ocrx_word' id='word_1_101' title='bbox 503 1014 567 1049; x_wconf 87' lang='lat' dir='ltr'><strong>est</strong></span> <span class='ocrx_word' id='word_1_102' title='bbox 593 1009 713 1048; x_wconf 81' lang='lat' dir='ltr'><strong>altior</strong></span> <span class='ocrx_word' id='word_1_103' title='bbox 739 1010 920 1059; x_wconf 76' lang='lat' dir='ltr'>quaestio</span> <span class='ocrx_word' id='word_1_104' title='bbox 948 1023 1023 1049; x_wconf 87' lang='lat' dir='ltr'><strong>nec</strong></span> <span class='ocrx_word' id='word_1_105' title='bbox 1042 1016 1189 1051; x_wconf 78' lang='lat' dir='ltr'><strong>tantum</strong></span> <span class='ocrx_word' id='word_1_106' title='bbox 1210 1011 1260 1050; x_wconf 82' lang='lat' dir='ltr'><strong>ad</strong></span> <span class='ocrx_word' id='word_1_107' title='bbox 1279 1011 1482 1050; x_wconf 77' lang='lat' dir='ltr'><strong>suasorias</strong></span> <span class='ocrx_word' id='word_1_108' title='bbox 1502 1022 1588 1061; x_wconf 85' lang='lat' dir='ltr'><strong>per·</strong></span> 
     </span>
     <span class='ocr_line' id='line_1_14' title="bbox 250 1074 1587 1126; baseline 0 -12"><span class='ocrx_word' id='word_1_109' title='bbox 250 1075 365 1121; x_wconf 86' lang='lat' dir='ltr'><strong>tinet,</strong></span> <span class='ocrx_word' id='word_1_110' title='bbox 392 1075 614 1114; x_wconf 81' lang='lat' dir='ltr'><strong>destinatus</strong></span> <span class='ocrx_word' id='word_1_111' title='bbox 641 1079 704 1113; x_wconf 84' lang='lat' dir='ltr'><strong>est</strong></span> <span class='ocrx_word' id='word_1_112' title='bbox 728 1074 817 1113; x_wconf 91' lang='lat' dir='ltr'><strong>mihi</strong></span> <span class='ocrx_word' id='word_1_113' title='bbox 836 1076 899 1114; x_wconf 82' lang='lat' dir='ltr'><strong>hic</strong></span> <span class='ocrx_word' id='word_1_114' title='bbox 923 1076 1036 1117; x_wconf 81' lang='lat' dir='ltr'><strong>locus</strong></span> <span class='ocrx_word' id='word_1_115' title='bbox 1055 1077 1300 1121; x_wconf 82' lang='lat' dir='ltr'><strong>duodecimo,</strong></span> <span class='ocrx_word' id='word_1_116' title='bbox 1326 1077 1393 1126; x_wconf 86' lang='lat' dir='ltr'><strong>qui</strong></span> <span class='ocrx_word' id='word_1_117' title='bbox 1419 1089 1587 1115; x_wconf 90' lang='lat' dir='ltr'><strong>summus</strong></span> 
     </span>
     <span class='ocr_line' id='line_1_15' title="bbox 252 1139 1589 1192; baseline 0.001 -13"><span class='ocrx_word' id='word_1_118' title='bbox 252 1139 404 1192; x_wconf 80' lang='lat' dir='ltr'><strong>futurus</strong></span> <span class='ocrx_word' id='word_1_119' title='bbox 424 1144 501 1186; x_wconf 86' lang='lat' dir='ltr'><strong>est,</strong></span> <span class='ocrx_word' id='word_1_120' title='bbox 530 1140 673 1179; x_wconf 86' lang='lat' dir='ltr'><strong>libro.“</strong></span> <span class='ocrx_word' id='word_1_121' title='bbox 715 1139 831 1178; x_wconf 88' lang='lat' dir='ltr'><strong>Hunc</strong></span> <span class='ocrx_word' id='word_1_122' title='bbox 849 1140 977 1179; x_wconf 87' lang='lat' dir='ltr'><strong>locum</strong></span> <span class='ocrx_word' id='word_1_123' title='bbox 999 1142 1217 1181; x_wconf 78' lang='lat' dir='ltr'><strong>invenimus</strong></span> <span class='ocrx_word' id='word_1_124' title='bbox 1234 1141 1328 1186; x_wconf 85' lang='lat' dir='ltr'>XII,</span> <span class='ocrx_word' id='word_1_125' title='bbox 1356 1142 1388 1187; x_wconf 93' lang='lat' dir='ltr'><strong>I,</strong></span> <span class='ocrx_word' id='word_1_126' title='bbox 1418 1142 1458 1179; x_wconf 93' lang='grc' dir='ltr'>Π</span> <span class='ocrx_word' id='word_1_127' title='bbox 1477 1153 1589 1191; x_wconf 84' lang='lat' dir='ltr'><strong>seqq.</strong></span> 
     </span>
     <span class='ocr_line' id='line_1_16' title="bbox 252 1206 1590 1259; baseline 0.001 -13"><span class='ocrx_word' id='word_1_128' title='bbox 252 1207 395 1258; x_wconf 85' lang='lat' dir='ltr'><strong>Incipit</strong></span> <span class='ocrx_word' id='word_1_129' title='bbox 420 1219 522 1247; x_wconf 47' lang='lat' dir='ltr'><strong>vero*</strong></span> <span class='ocrx_word' id='word_1_130' title='bbox 543 1206 618 1246; x_wconf 89' lang='lat' dir='ltr'><strong>hoe</strong></span> <span class='ocrx_word' id='word_1_131' title='bbox 645 1206 782 1246; x_wconf 86' lang='lat' dir='ltr'><strong>modo:</strong></span> <span class='ocrx_word' id='word_1_132' title='bbox 811 1207 970 1256; x_wconf 83' lang='lat' dir='ltr'><strong>„Bonus</strong></span> <span class='ocrx_word' id='word_1_133' title='bbox 998 1208 1154 1259; x_wconf 87' lang='lat' dir='ltr'><strong>quidem</strong></span> <span class='ocrx_word' id='word_1_134' title='bbox 1178 1208 1285 1247; x_wconf 87' lang='lat' dir='ltr'><strong>dicet</strong></span> <span class='ocrx_word' id='word_1_135' title='bbox 1315 1208 1475 1259; x_wconf 81' lang='lat' dir='ltr'><strong>saepius</strong></span> <span class='ocrx_word' id='word_1_136' title='bbox 1493 1219 1590 1247; x_wconf 79' lang='lat' dir='ltr'><strong>vcra</strong></span> 
     </span>
     <span class='ocr_line' id='line_1_17' title="bbox 252 1272 1589 1322; baseline 0.001 -12"><span class='ocrx_word' id='word_1_137' title='bbox 252 1277 371 1322; x_wconf 82' lang='lat' dir='ltr'><strong>atque</strong></span> <span class='ocrx_word' id='word_1_138' title='bbox 399 1272 580 1311; x_wconf 81' lang='lat' dir='ltr'><strong>honesta.</strong></span> <span class='ocrx_word' id='word_1_139' title='bbox 635 1272 715 1311; x_wconf 84' lang='lat' dir='ltr'><strong>Sed</strong></span> <span class='ocrx_word' id='word_1_140' title='bbox 733 1272 862 1317; x_wconf 81' lang='lat' dir='ltr'><strong>etium,</strong></span> <span class='ocrx_word' id='word_1_141' title='bbox 890 1273 923 1310; x_wconf 86' lang='lat' dir='ltr'><strong>si</strong></span> <span class='ocrx_word' id='word_1_142' title='bbox 948 1274 1107 1322; x_wconf 80' lang='lat' dir='ltr'><strong>quando</strong></span> <span class='ocrx_word' id='word_1_143' title='bbox 1131 1273 1265 1322; x_wconf 82' lang='lat' dir='ltr'><strong>aliquo</strong></span> <span class='ocrx_word' id='word_1_144' title='bbox 1293 1274 1434 1311; x_wconf 91' lang='lat' dir='ltr'><strong>ductus</strong></span> <span class='ocrx_word' id='word_1_145' title='bbox 1456 1273 1589 1311; x_wconf 77' lang='lat' dir='ltr'><strong>officio</strong></span> 
     </span>
     <span class='ocr_line' id='line_1_18' title="bbox 252 1336 1588 1390; baseline -0.001 -12"><span class='ocrx_word' id='word_1_146' title='bbox 252 1338 378 1390; x_wconf 81' lang='lat' dir='ltr'><strong>(quod</strong></span> <span class='ocrx_word' id='word_1_147' title='bbox 411 1336 615 1384; x_wconf 86' lang='lat' dir='ltr'><strong>accidere,</strong></span> <span class='ocrx_word' id='word_1_148' title='bbox 658 1341 700 1376; x_wconf 89' lang='lat' dir='ltr'><strong>ut</strong></span> <span class='ocrx_word' id='word_1_149' title='bbox 737 1349 828 1377; x_wconf 88' lang='lat' dir='ltr'><strong>mox</strong></span> <span class='ocrx_word' id='word_1_150' title='bbox 869 1338 1115 1385; x_wconf 81' lang='lat' dir='ltr'><strong>docebimus,</strong></span> <span class='ocrx_word' id='word_1_151' title='bbox 1155 1337 1320 1390; x_wconf 89' lang='lat' dir='ltr'><strong>potest.)</strong></span> <span class='ocrx_word' id='word_1_152' title='bbox 1353 1337 1457 1378; x_wconf 79' lang='lat' dir='ltr'><strong>falsa</strong></span> <span class='ocrx_word' id='word_1_153' title='bbox 1489 1338 1588 1378; x_wconf 76' lang='lat' dir='ltr'><strong>haec</strong></span> 
     </span>
     <span class='ocr_line' id='line_1_19' title="bbox 253 1403 1589 1447; baseline 0 -5"><span class='ocrx_word' id='word_1_154' title='bbox 253 1404 450 1442; x_wconf 78' lang='lat' dir='ltr'><strong>affirmare</strong></span> <span class='ocrx_word' id='word_1_155' title='bbox 478 1403 699 1447; x_wconf 73' lang='lat' dir='ltr'><strong>conabitur,</strong></span> <span class='ocrx_word' id='word_1_156' title='bbox 727 1403 877 1441; x_wconf 83' lang='lat' dir='ltr'><strong>maiore</strong></span> <span class='ocrx_word' id='word_1_157' title='bbox 902 1416 987 1441; x_wconf 90' lang='lat' dir='ltr'><strong>cum</strong></span> <span class='ocrx_word' id='word_1_158' title='bbox 1006 1405 1083 1442; x_wconf 88' lang='lat' dir='ltr'><strong>fide</strong></span> <span class='ocrx_word' id='word_1_159' title='bbox 1102 1416 1268 1442; x_wconf 81' lang='lat' dir='ltr'><strong>neeesse</strong></span> <span class='ocrx_word' id='word_1_160' title='bbox 1288 1407 1352 1443; x_wconf 87' lang='lat' dir='ltr'><strong>est</strong></span> <span class='ocrx_word' id='word_1_161' title='bbox 1369 1404 1589 1442; x_wconf 79' lang='lat' dir='ltr'><strong>audiatur.“</strong></span> 
     </span>
     <span class='ocr_line' id='line_1_20' title="bbox 254 1468 1590 1520; baseline -0.001 -12"><span class='ocrx_word' id='word_1_162' title='bbox 254 1469 385 1518; x_wconf 74' lang='lat' dir='ltr'><strong>Quid?</strong></span> <span class='ocrx_word' id='word_1_163' title='bbox 418 1468 509 1520; x_wconf 81' lang='lat' dir='ltr'><strong>ipsa</strong></span> <span class='ocrx_word' id='word_1_164' title='bbox 543 1468 686 1507; x_wconf 87' lang='lat' dir='ltr'><strong>virtute</strong></span> <span class='ocrx_word' id='word_1_165' title='bbox 722 1472 876 1507; x_wconf 80' lang='lat' dir='ltr'><strong>utemur</strong></span> <span class='ocrx_word' id='word_1_166' title='bbox 915 1469 966 1507; x_wconf 85' lang='lat' dir='ltr'><strong>ad</strong></span> <span class='ocrx_word' id='word_1_167' title='bbox 1007 1469 1111 1508; x_wconf 79' lang='lat' dir='ltr'><strong>falsa</strong></span> <span class='ocrx_word' id='word_1_168' title='bbox 1144 1468 1427 1509; x_wconf 80' lang='lat' dir='ltr'><strong>acmenducia</strong></span> <span class='ocrx_word' id='word_1_169' title='bbox 1451 1468 1590 1506; x_wconf 84' lang='lat' dir='ltr'><strong>confir-</strong></span> 
     </span>
     <span class='ocr_line' id='line_1_21' title="bbox 254 1533 1590 1586; baseline -0.004 -10"><span class='ocrx_word' id='word_1_170' title='bbox 254 1534 423 1576; x_wconf 73' lang='lat' dir='ltr'><strong>manda?</strong></span> <span class='ocrx_word' id='word_1_171' title='bbox 446 1533 529 1573; x_wconf 85' lang='lat' dir='ltr'><strong>Sed</strong></span> <span class='ocrx_word' id='word_1_172' title='bbox 555 1534 713 1584; x_wconf 85' lang='lat' dir='ltr'><strong>longum</strong></span> <span class='ocrx_word' id='word_1_173' title='bbox 741 1539 805 1573; x_wconf 86' lang='lat' dir='ltr'><strong>est</strong></span> <span class='ocrx_word' id='word_1_174' title='bbox 831 1546 903 1584; x_wconf 75' lang='lat' dir='ltr'><strong>pei·</strong></span> <span class='ocrx_word' id='word_1_175' title='bbox 929 1535 1085 1586; x_wconf 84' lang='lat' dir='ltr'><strong>singula</strong></span> <span class='ocrx_word' id='word_1_176' title='bbox 1111 1547 1289 1586; x_wconf 83' lang='lat' dir='ltr'><strong>quaeque</strong></span> <span class='ocrx_word' id='word_1_177' title='bbox 1309 1533 1590 1582; x_wconf 77' lang='lat' dir='ltr'><strong>Quintilianum</strong></span> 
     </span>
     <span class='ocr_line' id='line_1_22' title="bbox 254 1598 1598 1650; baseline -0.001 -12"><span class='ocrx_word' id='word_1_178' title='bbox 254 1599 365 1650; x_wconf 85' lang='lat' dir='ltr'><strong>sequi</strong></span> <span class='ocrx_word' id='word_1_179' title='bbox 393 1603 434 1638; x_wconf 87' lang='lat' dir='ltr'><strong>ct</strong></span> <span class='ocrx_word' id='word_1_180' title='bbox 459 1599 644 1638; x_wconf 80' lang='lat' dir='ltr'><strong>refutare.</strong></span> <span class='ocrx_word' id='word_1_181' title='bbox 695 1598 825 1646; x_wconf 78' lang='lat' dir='ltr'><strong>Quare</strong></span> <span class='ocrx_word' id='word_1_182' title='bbox 854 1611 903 1638; x_wconf 77' lang='lat' dir='ltr'><strong>ea</strong></span> <span class='ocrx_word' id='word_1_183' title='bbox 930 1604 1079 1639; x_wconf 79' lang='lat' dir='ltr'><strong>tantum</strong></span> <span class='ocrx_word' id='word_1_184' title='bbox 1107 1600 1281 1645; x_wconf 76' lang='lat' dir='ltr'><strong>afferam,</strong></span> <span class='ocrx_word' id='word_1_185' title='bbox 1317 1611 1418 1650; x_wconf 80' lang='lat' dir='ltr'><strong>quae</strong></span> <span class='ocrx_word' id='word_1_186' title='bbox 1441 1599 1491 1638; x_wconf 89' lang='lat' dir='ltr'><strong>de</strong></span> <span class='ocrx_word' id='word_1_187' title='bbox 1516 1599 1598 1637; x_wconf 34' lang='lat' dir='ltr'><strong>hac*</strong></span> 
     </span>
     <span class='ocr_line' id='line_1_23' title="bbox 252 1664 1591 1716; baseline -0.001 -11"><span class='ocrx_word' id='word_1_188' title='bbox 252 1678 296 1705; x_wconf 87' lang='lat' dir='ltr'><strong>re</strong></span> <span class='ocrx_word' id='word_1_189' title='bbox 323 1666 409 1716; x_wconf 86' lang='lat' dir='ltr'><strong>ipse</strong></span> <span class='ocrx_word' id='word_1_190' title='bbox 443 1665 631 1705; x_wconf 80' lang='lat' dir='ltr'><strong>disseruit</strong></span> <span class='ocrx_word' id='word_1_191' title='bbox 693 1665 745 1703; x_wconf 81' lang='lat' dir='ltr'><strong>cf.</strong></span> <span class='ocrx_word' id='word_1_192' title='bbox 771 1664 865 1711; x_wconf 77' lang='lat' dir='ltr'>XII,</span> <span class='ocrx_word' id='word_1_193' title='bbox 895 1666 929 1711; x_wconf 90' lang='lat'><strong>1,</strong></span> <span class='ocrx_word' id='word_1_194' title='bbox 956 1666 1118 1706; x_wconf 81' lang='lat'>33—45.</span> <span class='ocrx_word' id='word_1_195' title='bbox 1171 1666 1390 1706; x_wconf 77' lang='lat' dir='ltr'><strong>Mendaciis</strong></span> <span class='ocrx_word' id='word_1_196' title='bbox 1423 1665 1591 1704; x_wconf 84' lang='lat' dir='ltr'><strong>maxime</strong></span> 
     </span>
     <span class='ocr_line' id='line_1_24' title="bbox 252 1730 1590 1782; baseline -0.001 -13"><span class='ocrx_word' id='word_1_197' title='bbox 252 1732 292 1769; x_wconf 89' lang='lat' dir='ltr'><strong>in</strong></span> <span class='ocrx_word' id='word_1_198' title='bbox 318 1730 618 1770; x_wconf 74' lang='lat' dir='ltr'><strong>defensionibus</strong></span> <span class='ocrx_word' id='word_1_199' title='bbox 647 1743 747 1780; x_wconf 88' lang='lat' dir='ltr'><strong>opus</strong></span> <span class='ocrx_word' id='word_1_200' title='bbox 775 1741 875 1768; x_wconf 76' lang='lat' dir='ltr'><strong>esse.</strong></span> <span class='ocrx_word' id='word_1_201' title='bbox 931 1731 1051 1773; x_wconf 66' lang='lat' dir='ltr'><strong>Velut</strong></span> <span class='ocrx_word' id='word_1_202' title='bbox 1076 1732 1109 1770; x_wconf 84' lang='lat' dir='ltr'><strong>si</strong></span> <span class='ocrx_word' id='word_1_203' title='bbox 1137 1732 1224 1781; x_wconf 88' lang='lat' dir='ltr'><strong>quis</strong></span> <span class='ocrx_word' id='word_1_204' title='bbox 1252 1736 1458 1782; x_wconf 78' lang='lat' dir='ltr'><strong>tyranuum</strong></span> <span class='ocrx_word' id='word_1_205' title='bbox 1486 1730 1590 1769; x_wconf 92' lang='lat' dir='ltr'><strong>occi-</strong></span> 
     </span>
     <span class='ocr_line' id='line_1_25' title="bbox 254 1795 1590 1847; baseline -0.001 -12"><span class='ocrx_word' id='word_1_206' title='bbox 254 1797 368 1843; x_wconf 83' lang='lat' dir='ltr'><strong>derit,</strong></span> <span class='ocrx_word' id='word_1_207' title='bbox 395 1796 429 1835; x_wconf 85' lang='lat' dir='ltr'><strong>si</strong></span> <span class='ocrx_word' id='word_1_208' title='bbox 456 1795 543 1845; x_wconf 86' lang='lat' dir='ltr'><strong>quis</strong></span> <span class='ocrx_word' id='word_1_209' title='bbox 568 1795 733 1834; x_wconf 82' lang='lat' dir='ltr'><strong>alicuius</strong></span> <span class='ocrx_word' id='word_1_210' title='bbox 761 1795 821 1834; x_wconf 85' lang='lat' dir='ltr'><strong>rei</strong></span> <span class='ocrx_word' id='word_1_211' title='bbox 849 1801 1070 1844; x_wconf 81' lang='lat' dir='ltr'><strong>accusetur,</strong></span> <span class='ocrx_word' id='word_1_212' title='bbox 1103 1809 1204 1847; x_wconf 79' lang='lat' dir='ltr'><strong>quae</strong></span> <span class='ocrx_word' id='word_1_213' title='bbox 1232 1808 1305 1846; x_wconf 87' lang='lat' dir='ltr'><strong>per</strong></span> <span class='ocrx_word' id='word_1_214' title='bbox 1334 1808 1377 1835; x_wconf 87' lang='lat' dir='ltr'><strong>se</strong></span> <span class='ocrx_word' id='word_1_215' title='bbox 1405 1797 1511 1835; x_wconf 78' lang='lat' dir='ltr'><strong>bona</strong></span> <span class='ocrx_word' id='word_1_216' title='bbox 1536 1796 1590 1834; x_wconf 91' lang='lat' dir='ltr'><strong>iu·</strong></span> 
     </span>
     <span class='ocr_line' id='line_1_26' title="bbox 253 1860 1591 1906; baseline -0.001 -6"><span class='ocrx_word' id='word_1_217' title='bbox 253 1861 406 1901; x_wconf 87' lang='lat' dir='ltr'><strong>dicibus</strong></span> <span class='ocrx_word' id='word_1_218' title='bbox 432 1860 611 1900; x_wconf 81' lang='lat' dir='ltr'><strong>videatur</strong></span> <span class='ocrx_word' id='word_1_219' title='bbox 637 1860 752 1906; x_wconf 79' lang='lat' dir='ltr'><strong>mala,</strong></span> <span class='ocrx_word' id='word_1_220' title='bbox 780 1861 893 1901; x_wconf 76' lang='lat' dir='ltr'><strong>falsis</strong></span> <span class='ocrx_word' id='word_1_221' title='bbox 918 1863 974 1901; x_wconf 91' lang='lat' dir='ltr'><strong>uti</strong></span> <span class='ocrx_word' id='word_1_222' title='bbox 992 1863 1125 1901; x_wconf 85' lang='lat' dir='ltr'><strong>licere.</strong></span> <span class='ocrx_word' id='word_1_223' title='bbox 1169 1862 1230 1900; x_wconf 86' lang='lat' dir='ltr'><strong>Ad</strong></span> <span class='ocrx_word' id='word_1_224' title='bbox 1250 1862 1325 1900; x_wconf 90' lang='lat' dir='ltr'><strong>hoc</strong></span> <span class='ocrx_word' id='word_1_225' title='bbox 1342 1861 1481 1900; x_wconf 82' lang='lat' dir='ltr'><strong>melius</strong></span> <span class='ocrx_word' id='word_1_226' title='bbox 1501 1873 1591 1900; x_wconf 78' lang='lat' dir='ltr'><strong>esse</strong></span> 
     </span>
     <span class='ocr_line' id='line_1_27' title="bbox 252 1926 1591 1977; baseline -0.001 -12"><span class='ocrx_word' id='word_1_227' title='bbox 252 1927 428 1966; x_wconf 82' lang='lat' dir='ltr'><strong>homiues</strong></span> <span class='ocrx_word' id='word_1_228' title='bbox 457 1930 598 1968; x_wconf 84' lang='lat' dir='ltr'><strong>noxios</strong></span> <span class='ocrx_word' id='word_1_229' title='bbox 626 1930 766 1968; x_wconf 74' lang='lat' dir='ltr'><strong>mutari</strong></span> <span class='ocrx_word' id='word_1_230' title='bbox 792 1931 831 1968; x_wconf 87' lang='lat' dir='ltr'><strong>in</strong></span> <span class='ocrx_word' id='word_1_231' title='bbox 858 1929 1000 1967; x_wconf 79' lang='lat' dir='ltr'><strong>bonum</strong></span> <span class='ocrx_word' id='word_1_232' title='bbox 1025 1933 1193 1966; x_wconf 83' lang='lat' dir='ltr'><strong>mentem</strong></span> <span class='ocrx_word' id='word_1_233' title='bbox 1215 1939 1329 1977; x_wconf 80' lang='lat' dir='ltr'><strong>quam</strong></span> <span class='ocrx_word' id='word_1_234' title='bbox 1349 1926 1489 1976; x_wconf 86' lang='lat' dir='ltr'><strong>puniri.</strong></span> <span class='ocrx_word' id='word_1_235' title='bbox 1529 1926 1591 1964; x_wconf 88' lang='lat' dir='ltr'><strong>In-</strong></span> 
     </span>
    </p>
   </div>
   <div class='ocr_carea' id='block_1_3' title="bbox 253 1991 1658 2046">
    <p class='ocr_par' dir='ltr' id='par_1_3' title="bbox 253 1991 1658 2046">
     <span class='ocr_line' id='line_1_28' title="bbox 253 1991 1658 2046; baseline -0.001 -16"><span class='ocrx_word' id='word_1_236' title='bbox 253 1993 407 2036; x_wconf 74' lang='lat' dir='ltr'><strong>terdum</strong></span> <span class='ocrx_word' id='word_1_237' title='bbox 441 1994 578 2034; x_wconf 88' lang='lat' dir='ltr'><strong>ducem</strong></span> <span class='ocrx_word' id='word_1_238' title='bbox 613 1995 816 2046; x_wconf 81' lang='lat' dir='ltr'><strong>egregium</strong></span> <span class='ocrx_word' id='word_1_239' title='bbox 857 1999 898 2034; x_wconf 87' lang='lat' dir='ltr'><strong>et</strong></span> <span class='ocrx_word' id='word_1_240' title='bbox 931 1993 1081 2034; x_wconf 78' lang='lat' dir='ltr'><strong>civitati</strong></span> <span class='ocrx_word' id='word_1_241' title='bbox 1115 1992 1359 2032; x_wconf 84' lang='lat' dir='ltr'><strong>utilissimum</strong></span> <span class='ocrx_word' id='word_1_242' title='bbox 1393 1991 1592 2030; x_wconf 76' lang='lat' dir='ltr'><strong>manifesti</strong></span> <span class='ocrx_word' id='word_1_243' title='bbox 1652 2025 1658 2028; x_wconf 25' lang='grc' dir='ltr'><strong><em>Δ</em></strong></span> 
     </span>
    </p>
   </div>
   <div class='ocr_carea' id='block_1_4' title="bbox 252 2056 1592 2309">
    <p class='ocr_par' dir='ltr' id='par_1_4' title="bbox 252 2056 1592 2309">
     <span class='ocr_line' id='line_1_29' title="bbox 253 2056 1591 2100; baseline -0.001 -4"><span class='ocrx_word' id='word_1_244' title='bbox 253 2058 424 2097; x_wconf 83' lang='lat' dir='ltr'><strong>criminis</strong></span> <span class='ocrx_word' id='word_1_245' title='bbox 452 2061 643 2100; x_wconf 77' lang='lat' dir='ltr'><strong>accusari.</strong></span> <span class='ocrx_word' id='word_1_246' title='bbox 677 2081 723 2088; x_wconf 91' lang='lat'><strong>——</strong></span> <span class='ocrx_word' id='word_1_247' title='bbox 753 2060 860 2099; x_wconf 79' lang='lat' dir='ltr'><strong>Sane</strong></span> <span class='ocrx_word' id='word_1_248' title='bbox 888 2064 1070 2100; x_wconf 78' lang='lat' dir='ltr'><strong>oratores</strong></span> <span class='ocrx_word' id='word_1_249' title='bbox 1098 2058 1174 2097; x_wconf 88' lang='lat' dir='ltr'><strong>hoc</strong></span> <span class='ocrx_word' id='word_1_250' title='bbox 1202 2058 1417 2097; x_wconf 88' lang='lat' dir='ltr'><strong>mentiendi</strong></span> <span class='ocrx_word' id='word_1_251' title='bbox 1445 2056 1591 2095; x_wconf 82' lang='lat' dir='ltr'><strong>auxilio</strong></span> 
     </span>
     <span class='ocr_line' id='line_1_30' title="bbox 252 2123 1591 2171; baseline -0.002 -9"><span class='ocrx_word' id='word_1_252' title='bbox 252 2135 347 2163; x_wconf 87' lang='lat' dir='ltr'><strong>usos</strong></span> <span class='ocrx_word' id='word_1_253' title='bbox 382 2126 676 2170; x_wconf 73' lang='lat' dir='ltr'><strong>excusa-bimus,</strong></span> <span class='ocrx_word' id='word_1_254' title='bbox 722 2125 773 2163; x_wconf 79' lang='lat' dir='ltr'><strong>ad</strong></span> <span class='ocrx_word' id='word_1_255' title='bbox 808 2124 930 2167; x_wconf 78' lang='lat' dir='ltr'><strong>virum</strong></span> <span class='ocrx_word' id='word_1_256' title='bbox 970 2124 1113 2162; x_wconf 84' lang='lat' dir='ltr'><strong>bonum</strong></span> <span class='ocrx_word' id='word_1_257' title='bbox 1152 2123 1360 2161; x_wconf 76' lang='lat' dir='ltr'><strong>mendacia.</strong></span> <span class='ocrx_word' id='word_1_258' title='bbox 1395 2134 1591 2171; x_wconf 82' lang='lat' dir='ltr'><strong>nunquam</strong></span> 
     </span>
     <span class='ocr_line' id='line_1_31' title="bbox 254 2188 1592 2241; baseline -0.001 -14"><span class='ocrx_word' id='word_1_259' title='bbox 254 2190 517 2238; x_wconf 81' lang='lat' dir='ltr'><strong>pertinebunt.</strong></span> <span class='ocrx_word' id='word_1_260' title='bbox 570 2190 709 2241; x_wconf 84' lang='lat' dir='ltr'><strong>Neque</strong></span> <span class='ocrx_word' id='word_1_261' title='bbox 738 2191 824 2241; x_wconf 87' lang='lat' dir='ltr'><strong>ipse</strong></span> <span class='ocrx_word' id='word_1_262' title='bbox 843 2189 992 2228; x_wconf 83' lang='lat' dir='ltr'><strong>Noster</strong></span> <span class='ocrx_word' id='word_1_263' title='bbox 1010 2189 1190 2239; x_wconf 78' lang='lat' dir='ltr'><strong>cuiquam</strong></span> <span class='ocrx_word' id='word_1_264' title='bbox 1209 2188 1482 2239; x_wconf 82' lang='lat' dir='ltr'><strong>persuadebit,</strong></span> <span class='ocrx_word' id='word_1_265' title='bbox 1506 2200 1592 2226; x_wconf 90' lang='lat' dir='ltr'><strong>cum</strong></span> 
     </span>
     <span class='ocr_line' id='line_1_32' title="bbox 252 2253 1591 2309; baseline -0.001 -16"><span class='ocrx_word' id='word_1_266' title='bbox 252 2253 342 2301; x_wconf 88' lang='lat' dir='ltr'>XII,</span> <span class='ocrx_word' id='word_1_267' title='bbox 371 2256 406 2301; x_wconf 74' lang='lat'><strong>7,</strong></span> <span class='ocrx_word' id='word_1_268' title='bbox 432 2257 472 2296; x_wconf 81' lang='lat'><strong>7:</strong></span> <span class='ocrx_word' id='word_1_269' title='bbox 501 2257 577 2305; x_wconf 79' lang='lat' dir='ltr'><strong>„Et</strong></span> <span class='ocrx_word' id='word_1_270' title='bbox 604 2262 729 2303; x_wconf 83' lang='lat' dir='ltr'><strong>certe,</strong></span> <span class='ocrx_word' id='word_1_271' title='bbox 767 2255 906 2309; x_wconf 82' lang='lat' dir='ltr'><strong>inquit,</strong></span> <span class='ocrx_word' id='word_1_272' title='bbox 941 2267 1019 2293; x_wconf 84' lang='lat' dir='ltr'><strong>non</strong></span> <span class='ocrx_word' id='word_1_273' title='bbox 1050 2256 1235 2295; x_wconf 71' lang='lat' dir='ltr'><strong>convenit</strong></span> <span class='ocrx_word' id='word_1_274' title='bbox 1264 2255 1313 2299; x_wconf 87' lang='lat' dir='ltr'><strong>ei,</strong></span> <span class='ocrx_word' id='word_1_275' title='bbox 1354 2266 1469 2304; x_wconf 90' lang='lat' dir='ltr'><strong>quem</strong></span> <span class='ocrx_word' id='word_1_276' title='bbox 1505 2265 1591 2293; x_wconf 79' lang='lat' dir='ltr'><strong>ora·</strong></span> 
     </span>
    </p>
   </div>
   <div class='ocr_carea' id='block_1_5' title="bbox 253 2318 1592 2369">
    <p class='ocr_par' dir='ltr' id='par_1_5' title="bbox 253 2318 1592 2369">
     <span class='ocr_line' id='line_1_33' title="bbox 253 2318 1592 2369; baseline -0.001 -11"><span class='ocrx_word' id='word_1_277' title='bbox 253 2326 378 2359; x_wconf 85' lang='lat' dir='ltr'><strong>torem</strong></span> <span class='ocrx_word' id='word_1_278' title='bbox 411 2333 503 2361; x_wconf 85' lang='lat' dir='ltr'><strong>esse</strong></span> <span class='ocrx_word' id='word_1_279' title='bbox 536 2318 734 2369; x_wconf 78' lang='lat' dir='ltr'><strong>volumus,</strong></span> <span class='ocrx_word' id='word_1_280' title='bbox 773 2321 920 2362; x_wconf 73' lang='lat' dir='ltr'><strong>iniusta</strong></span> <span class='ocrx_word' id='word_1_281' title='bbox 949 2320 1049 2358; x_wconf 86' lang='lat' dir='ltr'><strong>tueri</strong></span> <span class='ocrx_word' id='word_1_282' title='bbox 1083 2321 1286 2359; x_wconf 84' lang='lat' dir='ltr'><strong>scientem.</strong></span> <span class='ocrx_word' id='word_1_283' title='bbox 1341 2320 1441 2359; x_wconf 86' lang='lat' dir='ltr'><strong>Nam</strong></span> <span class='ocrx_word' id='word_1_284' title='bbox 1475 2319 1507 2357; x_wconf 84' lang='lat' dir='ltr'><strong>si</strong></span> <span class='ocrx_word' id='word_1_285' title='bbox 1541 2330 1592 2356; x_wconf 83' lang='lat' dir='ltr'><strong>ex</strong></span> 
     </span>
    </p>
   </div>
   <div class='ocr_carea' id='block_1_6' title="bbox 252 2383 1610 2700">
    <p class='ocr_par' dir='ltr' id='par_1_6' title="bbox 252 2383 1610 2700">
     <span class='ocr_line' id='line_1_34' title="bbox 253 2383 1590 2438; baseline -0.003 -13"><span class='ocrx_word' id='word_1_286' title='bbox 253 2386 343 2435; x_wconf 81' lang='lat' dir='ltr'><strong>illis,</strong></span> <span class='ocrx_word' id='word_1_287' title='bbox 372 2391 618 2438; x_wconf 70' lang='lat' dir='ltr'><strong>quus&#39;supra</strong></span> <span class='ocrx_word' id='word_1_288' title='bbox 643 2384 753 2437; x_wconf 87' lang='lat' dir='ltr'>(XII,</span> <span class='ocrx_word' id='word_1_289' title='bbox 782 2387 815 2432; x_wconf 85' lang='lat' dir='ltr'><strong>l,</strong></span> <span class='ocrx_word' id='word_1_290' title='bbox 840 2383 1021 2434; x_wconf 77' lang='lat'>33—45.)</span> <span class='ocrx_word' id='word_1_291' title='bbox 1055 2386 1240 2434; x_wconf 83' lang='lat' dir='ltr'><strong>diximus,</strong></span> <span class='ocrx_word' id='word_1_292' title='bbox 1281 2385 1411 2424; x_wconf 84' lang='lat' dir='ltr'><strong>causis</strong></span> <span class='ocrx_word' id='word_1_293' title='bbox 1450 2383 1590 2422; x_wconf 71' lang='lat' dir='ltr'><strong>falsum</strong></span> 
     </span>
     <span class='ocr_line' id='line_1_35' title="bbox 253 2448 1610 2500; baseline -0.002 -11"><span class='ocrx_word' id='word_1_294' title='bbox 253 2451 443 2497; x_wconf 78' lang='lat' dir='ltr'><strong>tuebitur:</strong></span> <span class='ocrx_word' id='word_1_295' title='bbox 472 2453 548 2490; x_wconf 88' lang='lat' dir='ltr'><strong>erit</strong></span> <span class='ocrx_word' id='word_1_296' title='bbox 580 2450 712 2490; x_wconf 76' lang='lat' dir='ltr'><strong>tamen</strong></span> <span class='ocrx_word' id='word_1_297' title='bbox 739 2452 963 2496; x_wconf 81' lang='lat' dir='ltr'><strong>honestum.</strong></span> <span class='ocrx_word' id='word_1_298' title='bbox 999 2451 1104 2500; x_wconf 88' lang='lat' dir='ltr'><strong>quod</strong></span> <span class='ocrx_word' id='word_1_299' title='bbox 1138 2451 1224 2500; x_wconf 83' lang='lat' dir='ltr'><strong>ipse</strong></span> <span class='ocrx_word' id='word_1_300' title='bbox 1262 2449 1395 2488; x_wconf 77' lang='lat' dir='ltr'><strong>facit.“</strong></span> <span class='ocrx_word' id='word_1_301' title='bbox 1455 2448 1528 2494; x_wconf 83' lang='lat'>111,</span> <span class='ocrx_word' id='word_1_302' title='bbox 1556 2449 1610 2494; x_wconf 67' lang='grc'><strong>7,»</strong></span> 
     </span>
     <span class='ocr_line' id='line_1_36' title="bbox 252 2514 1589 2568; baseline -0.003 -13"><span class='ocrx_word' id='word_1_303' title='bbox 252 2517 322 2557; x_wconf 74' lang='lat'><strong>25:</strong></span> <span class='ocrx_word' id='word_1_304' title='bbox 366 2517 501 2565; x_wconf 82' lang='lat' dir='ltr'><strong>„Idem</strong></span> <span class='ocrx_word' id='word_1_305' title='bbox 525 2517 733 2567; x_wconf 73' lang='lat' dir='ltr'><strong>&#39;praecipit</strong></span> <span class='ocrx_word' id='word_1_306' title='bbox 770 2516 864 2555; x_wconf 77' lang='lat' dir='ltr'><strong>iliud</strong></span> <span class='ocrx_word' id='word_1_307' title='bbox 906 2527 1061 2568; x_wconf 86' lang='lat' dir='ltr'><strong>quoque</strong></span> <span class='ocrx_word' id='word_1_308' title='bbox 1093 2515 1219 2565; x_wconf 85' lang='lat' dir='ltr'><strong>(quod</strong></span> <span class='ocrx_word' id='word_1_309' title='bbox 1253 2526 1343 2552; x_wconf 84' lang='lat' dir='ltr'><strong>mox</strong></span> <span class='ocrx_word' id='word_1_310' title='bbox 1380 2514 1589 2553; x_wconf 81' lang='lat' dir='ltr'><strong>Cornelius</strong></span> 
     </span>
     <span class='ocr_line' id='line_1_37' title="bbox 254 2580 1591 2632; baseline -0.002 -13"><span class='ocrx_word' id='word_1_311' title='bbox 254 2581 395 2622; x_wconf 73' lang='lat' dir='ltr'><strong>Celsus</strong></span> <span class='ocrx_word' id='word_1_312' title='bbox 422 2592 549 2632; x_wconf 84' lang='lat' dir='ltr'><strong>prope</strong></span> <span class='ocrx_word' id='word_1_313' title='bbox 576 2593 696 2631; x_wconf 79' lang='lat' dir='ltr'><strong>supra</strong></span> <span class='ocrx_word' id='word_1_314' title='bbox 723 2581 877 2619; x_wconf 88' lang='lat' dir='ltr'><strong>modum</strong></span> <span class='ocrx_word' id='word_1_315' title='bbox 906 2581 1068 2629; x_wconf 78' lang='lat' dir='ltr'><strong>invasit)</strong></span> <span class='ocrx_word' id='word_1_316' title='bbox 1091 2581 1180 2629; x_wconf 81' lang='lat' dir='ltr'><strong>qnia</strong></span> <span class='ocrx_word' id='word_1_317' title='bbox 1216 2581 1267 2618; x_wconf 84' lang='lat' dir='ltr'><strong>sit</strong></span> <span class='ocrx_word' id='word_1_318' title='bbox 1294 2581 1486 2629; x_wconf 76' lang='lat' dir='ltr'><strong>quaedam</strong></span> <span class='ocrx_word' id='word_1_319' title='bbox 1515 2580 1591 2617; x_wconf 81' lang='lat' dir='ltr'><strong>vir-</strong></span> 
     </span>
     <span class='ocr_line' id='line_1_38' title="bbox 254 2644 1607 2700; baseline -0.004 -13"><span class='ocrx_word' id='word_1_320' title='bbox 254 2646 404 2690; x_wconf 79' lang='lat' dir='ltr'><strong>tutibus</strong></span> <span class='ocrx_word' id='word_1_321' title='bbox 438 2658 484 2687; x_wconf 80' lang='lat' dir='ltr'><strong>ac</strong></span> <span class='ocrx_word' id='word_1_322' title='bbox 518 2646 627 2688; x_wconf 77' lang='lat' dir='ltr'><strong>vitiis·</strong></span> <span class='ocrx_word' id='word_1_323' title='bbox 656 2646 856 2695; x_wconf 75' lang='lat' dir='ltr'><strong>vicinitas,</strong></span> <span class='ocrx_word' id='word_1_324' title='bbox 895 2645 1085 2691; x_wconf 53' lang='lat' dir='ltr'><strong>utendum,</strong></span> <span class='ocrx_word' id='word_1_325' title='bbox 1123 2645 1303 2700; x_wconf 74' lang='lat' dir='ltr'><strong>proxima</strong></span> <span class='ocrx_word' id='word_1_326' title='bbox 1344 2644 1607 2683; x_wconf 70' lang='lat' dir='ltr'><strong>derivatione.</strong></span> 
     </span>
    </p>
   </div>
   <div class='ocr_carea' id='block_1_7' title="bbox 0 3003 1777 3029">
    <p class='ocr_par' dir='ltr' id='par_1_7' title="bbox 0 3003 1777 3029">
     <span class='ocr_line' id='line_1_39' title="bbox 0 3003 1777 3029; baseline 0 0"><span class='ocrx_word' id='word_1_327' title='bbox 0 3003 1777 3029; x_wconf 95' lang='lat' dir='ltr'><strong> </strong></span> 
     </span>
    </p>
   </div>
  </div>
 </body>
</html>
