1777 3029
838 198 901 245 ιω·

197 323 301 365 bitu
316 320 478 365 Noster.
531 322 693 365 Duobus
719 324 820 365 locis
848 325 1013 364 animam
1039 324 1298 365 immortalem
1326 336 1417 365 esse
1441 336 1533 365 con-

152 390 154 392 ’
200 391 345 433 cedere
377 391 560 430 videtur:
614 390 918 442 Epichirematis
964 392 1067 430 enim
1112 392 1315 443 complura
1353 388 1535 443 exempla

200 460 415 505 enumerat,
447 458 489 495 in
516 457 661 507 'quibus
692 458 910 497 invenimus
943 458 1065 497 haec:
1106 458 1270 506 „Anima
1303 458 1532 497 immortalis

199 526 274 561 est.
336 520 438 562 Nam
470 522 659 575 quidquid
692 535 743 562 ex
776 535 819 563 se
853 523 943 574 ipso
975 527 1172 573 movetur,
1205 523 1425 563 immortale
1459 527 1534 572 est,

199 588 329 627 anima
364 592 494 627 autem
527 600 576 627 ex
609 600 652 627 se
685 582 776 639 ipsa
808 593 1005 633 movetur,
1048 589 1276 628 immortalis
1313 590 1434 638 igitur
1473 593 1536 627 est

199 653 369 692 anima.“
416 653 465 702 V,
496 654 554 702 14,
583 654 641 692 10.
673 654 737 693 12:
779 653 914 703 „Mors
947 653 1044 692 nihil
1071 654 1123 692 ad
1155 666 1243 693 nos.
1292 653 1391 692 Nam
1427 654 1534 703 quod

199 722 263 758 est
288 718 534 767 dissolutum,
562 730 681 758 sensu
707 716 839 769 caret'3
867 718 972 770 qnod
990 722 1128 757 autem
1148 730 1268 758 sensu
1288 722 1410 767 earet,
1437 719 1535 757 nihil

200 783 251 822 ad
277 784 393 823 nos.“
448 783 530 823 Sed
547 784 597 833 V,
628 785 687 833 14,
717 785 766 823 13
783 784 857 823 has
874 784 1242 834 argumentationes
1261 786 1350 834 ipse
1366 786 1537 824 refutat:

200 872 276 898 ‚,—-
301 849 457 888 interim
482 851 692 901 probanda
711 850 811 898 (scil.
838 849 1061 900 propositio
1081 850 1223 898 minor)
1238 838 1286 889 ⁴ut
1311 850 1391 899 illa,
1420 850 1535 898 Quod

200 919 262 953 est
289 916 535 965 dissolutum,
564 928 686 954 sensu
714 920 845 964 carct3
870 927 956 953 cnm
982 914 1114 953 solnta
1132 927 1302 965 corpore
1322 916 1464 960 anima,
1483 928 1534 954 au

200 979 253 1019 sit
275 980 517 1030 immortalis,
545 982 610 1020 vel
637 982 688 1020 ad
713 984 996 1032 tempuscerte
1014 985 1185 1030 maneat,-
1203 981 1255 1020 sit
1272 981 1311 1019 in
1331 980 1534 1032 dubio“.*)

301 1045 563 1093 Quintilianus
599 1044 685 1098 ipsc
713 1052 837 1087 tota-in
864 1046 1155 1096 philosophiam
1187 1047 1328 1086 dividit
1359 1049 1398 1086 in
1424 1052 1535 1086 natu-

199 1109 341 1160 ralem,
372 1113 581 1162 moralem,
616 1113 852 1166 rationalem
884 1112 994 1160 (XII,
1026 1113 1060 1159 2,
1100 1112 1172 1162 10),
1210 1124 1425 1163 omnesque
1465 1113 1536 1152 has

199 1181 338 1227 partes
362 1178 413 1216 ad
441 1182 641 1217 oratorem
668 1179 870 1228 pertinere
898 1178 1027 1217 docet.
1074 1178 1189 1225 Quod
1216 1190 1300 1216 cum
1327 1178 1453 1217 minus
1482 1179 1534 1217 ad

200 1244 447 1294 propositum
474 1256 597 1282 meum
626 1244 762 1289 faciat,
790 1244 853 1281 hic
881 1244 1203 1293 praetermittam.
1256 1244 1357 1282 lllud
1385 1248 1536 1282 tantum

200 1308 238 1345 in
264 1308 342 1346 fine
371 1309 495 1358 partis
524 1310 713 1359 cuiusque
741 1321 763 1347 a
790 1321 851 1346 mc
872 1312 1067 1347 tractatae
1095 1297 1317 1359 adiungam,
1345 1321 1536 1358 quasnam

201 1374 457 1423 quaestiones
485 1375 521 1413 ci
550 1374 762 1424 subiungat
788 1374 1066 1421 Quintilianus.

261 1440 461 1490 ΓῖΙιιχᾳιιο
489 1440 742 1479 memorabile
775 1443 817 1478 et
856 1439 1158 1484 attendendum,
1203 1441 1308 1489 quod
1350 1441 1536 1491 physicae

201 1505 319 1544 etiam
344 1506 532 1546 moralem
559 1506 665 1544 illam
692 1509 846 1557 partem
871 1505 1005 1544 inesse
1032 1509 1158 1555 putat,
1190 1508 1306 1556 alque
1333 1510 1376 1544 ut
1401 1518 1446 1545 re
1474 1519 1535 1545 eo-

199 1583 352 1620 ncxam,
381 1572 439 1610 ita
466 1572 615 1611 oratori
641 1572 878 1610 coniunctim
906 1572 1153 1620 tractandam
1180 1577 1383 1621 utramque
1404 1573 1535 1611 admo-

197 1641 278 1677 net.
328 1636 394 1676 Sic
421 1638 542 1689 igitur
566 1638 635 1677 ille
663 1637 753 1686 XII,
781 1638 816 1685 2,
842 1638 910 1676 20:
940 1637 1066 1685 „Pars
1094 1650 1190 1677 vero
1218 1638 1422 1687 naturalis,
1451 1650 1537 1677 cum

198 1706 261 1740 est
289 1702 339 1741 ad
366 1703 691 1742 exercitationem
711 1703 870 1741 dicendi
895 1706 1008 1741 tanto
1021 1703 1171 1746 ,ceteris
1191 1704 1363 1748 uberior,
1385 1708 1534 1753 quanto

198 1767 345 1806 maiore
374 1768 516 1818 spiritu
544 1769 593 1808 de
622 1769 764 1809 divinis
791 1770 921 1818 rebus,
949 1781 1064 1820 quam
1092 1769 1141 1807 de
1168 1769 1345 1808 humanis
1372 1769 1534 1820 loquen-

197 1833 287 1870 dum
314 1838 388 1882 est,
417 1838 497 1872 tum
523 1835 629 1873 illam
657 1835 775 1873 etiam
792 1836 991 1883 moralem,
1020 1835 1105 1874 sine
1132 1847 1210 1884 qua
1237 1835 1344 1873 nulla
1362 1847 1466 1883 esse,
1494 1840 1537 1873 ut

197 1898 410 1950 docuimus,
444 1900 572 1939 oratio
605 1904 752 1952 potest,
785 1904 910 1940 totam
941 1901 1227 1952 complectitur.
1275 1900 1375 1940 Nam
1408 1900 1441 1940 si
1474 1912 1536 1940 re-

195 1965 301 2015 gitur
318 1966 580 2015 providentia
597 1968 781 2007 mundus:
810 1968 1124 2006 administranda
1153 1971 1263 2006 certe
1292 1968 1407 2007 bonis
1437 1968 1532 2006 viris

196 2030 272 2068 erit
296 2031 542 2080 respublica3
572 2032 605 2070 si
634 2033 768 2071 divina
790 2033 940 2071 nostris
965 2032 1102 2071 animis
1131 2033 1265 2082 origo:
1293 2033 1535 2071 tendendum

196 2096 246 2135 ad
269 2096 455 2136 virtutem
482 2109 558 2136 nec
585 2097 856 2148 voluptatibus
885 2098 1034 2137 terreni
1061 2098 1241 2148 corporis
1270 2098 1533 2138 serviendum.

274 2197 309 2226 *i
351 2196 559 2229 Accuratius
584 2197 619 2229 ut
636 2197 815 2240 explicem,
841 2197 1070 2230 necessarium
1088 2206 1167 2229 esse
1185 2197 1342 2236 arbitror,
1366 2198 1534 2240 quomodo

195 2246 360 2290 exemplis
389 2246 456 2280 illis
482 2247 517 2279 in
545 2245 642 2279 libris
673 2247 934 2288 Quintilianeis,
968 2258 1054 2291 qnae
1077 2257 1144 2280 non
1165 2250 1307 2291 propter
1329 2249 1534 2283 sententiam

194 2297 313 2338 ipsam,
336 2297 398 2328 sed
420 2299 561 2339 propter
583 2298 722 2329 formam
746 2299 949 2330 elocutionis
972 2298 1067 2340 operi
1089 2297 1337 2337 immiscentur,
1364 2298 1406 2330 ad
1429 2308 1531 2340 quae-

195 2346 328 2391 stiones
355 2356 450 2379 meas
479 2341 704 2390 explicandas
734 2358 816 2381 usus
845 2349 919 2381 sim.
967 2348 1052 2380 Nam
1083 2347 1185 2391 plane
1215 2348 1421 2391 negligenda
1453 2349 1533 2381 mihi

195 2398 283 2430 haud
297 2397 509 2431 videbantur.
531 2399 651 2441 Atque
668 2398 897 2440 Quintilianus
911 2400 985 2442 ipse
999 2399 1032 2431 in
1051 2398 1163 2437 haere
1175 2398 1293 2431 ducem
1317 2409 1354 2431 se
1376 2401 1530 2442 praebet.

196 2449 362 2490 Exempla
382 2448 470 2480 enim
493 2449 552 2479 aut
575 2449 733 2480 consulto
757 2448 854 2481 affert
876 2449 980 2488 salsa,
1015 2459 1137 2491 nempe
1159 2451 1197 2481 ut
1221 2449 1412 2492 discipulos
1435 2460 1532 2492 aper-

195 2499 264 2531 tius
288 2498 469 2531 admoneat
490 2498 576 2531 recti
601 2496 657 2540 (cf.
679 2499 774 2531 locos
797 2509 901 2543 supra
922 2501 1121 2540 tractatos),
1151 2501 1211 2533 aut
1231 2503 1391 2533 auctores
1414 2510 1530 2534 eornm

193 2552 444 2589 commemorat,
466 2550 559 2583 nulla
579 2549 717 2583 adiecta
737 2551 910 2584 sententia
931 2560 1003 2589 sua,
1031 2551 1087 2591 (cf.
1112 2551 1155 2590 V,
1177 2552 1205 2589 3,
1227 2552 1259 2592 5)
1284 2555 1343 2585 aut
1366 2552 1441 2584 sine
1463 2553 1531 2585 ulla

196 2601 428 2634 admo‘nitione
458 2600 534 2632 sola
550 2601 711 2643 ‚exempla
731 2601 871 2644 profert.
904 2602 1053 2642 Quorum
1075 2612 1237 2644 generum
1258 2605 1433 2645 postremo
1456 2606 1529 2635 ian-

194 2653 264 2683 tum
293 2651 374 2684 usus
403 2660 488 2687 sum,
516 2651 691 2693 quoniam,
720 2661 806 2694 quae
829 2652 894 2685 sibi
918 2652 1005 2684 salsa
1026 2652 1236 2691 viderentur,
1268 2656 1361 2684 certe
1386 2653 1532 2696 exempli

195 2711 301 2735 eausa
321 2702 395 2736 sine
416 2702 683 2748 reprehensione
705 2703 849 2745 quadam
872 2703 1049 2747 discipulis
1072 2714 1137 2737 non
1160 2704 1411 2748 proposuisset.
