1777 3029
866 176 919 228 40

220 309 252 347 Β
279 310 453 348 litteram
480 313 521 348 et
546 306 581 347 D
605 309 825 348 innituntur
859 309 961 348 adeo
996 322 1160 360 aspere,
1205 314 1247 349 ut
1271 310 1451 361 plerique
1480 323 1558 350 non

218 375 578 424 antiquissimorum
606 374 761 423 quidem
785 374 859 420 sed
891 377 1023 412 tamen
1046 378 1223 412 veterum
1253 375 1407 414 mollire
1433 378 1560 424 temp·

218 439 393 478 taverint
430 451 512 478 non
550 437 677 477 solum
707 442 896 483 „avet-sa·
926 451 1000 489 pro
1033 438 1256 482 ‚abversis“
1286 439 1457 478 dicendo
1485 439 1558 479 sed

220 492 323 543 etin
349 503 650 554 praepositione
678 503 711 541 B
738 503 897 542 litterae
938 503 1131 542 absonam
1162 507 1204 542 et
1234 504 1362 554 ipsam
1388 504 1415 544 S
1443 504 1561 544 subii·
1612 548 1617 554 ,

219 568 373 607 ciendo.
426 568 494 607 33:
536 566 618 607 Sed
648 571 838 606 accentus
874 580 1053 619 quoque,
1077 580 1181 611 „cum
1214 568 1349 620 rigore
1377 569 1560 620 quodam,

218 639 298 673 turn
327 633 582 672 similitudine
609 632 718 683 ipsa,
745 633 872 673 minus
899 621 1044 673 suaves
1071 634 1280 684 habemus3
1308 634 1399 684 quia
1424 634 1562 673 ultima

220 699 373 749 syllaba
399 710 474 736 nec
502 701 619 736 acuta
651 710 823 748 unquam
859 699 1056 737 excitatur
1080 710 1155 737 nec
1181 699 1284 737 flexa
1309 698 1562 737 circumduci-

220 769 293 813 tur,
325 764 398 803 sed
423 763 462 801 in
490 767 650 814 'gi-avem
678 764 742 802 vel
771 763 870 803 duas
897 775 1042 814 graves
1067 764 1177 803 cadit
1200 776 1367 814 semper.
1422 764 1562 814 Itaque

219 833 331 868 tanto
361 833 425 867 est
452 841 582 874 sermo
598 821 778 868 Graecus
791 827 935 867 Latino
953 829 1170 871 iucundior.
1197 833 1241 867 ut
1258 829 1385 867 nostri
1403 829 1562 879 poetae,

222 895 406 946 quotiens
435 883 550 933 dulce
584 906 744 933 carmen
781 905 871 934 esse
899 893 1116 940 voluerint,
1155 894 1311 934 illorum
1335 893 1376 932 id
1403 893 1550 933 nomini
1560 919 1565 923 -

221 963 293 1000 bus
323 962 552 999 exornent.⁸
595 961 646 999 cf.
673 960 837 999 Persius
865 960 898 1004 1,
922 959 1111 999 99—102.

322 1026 406 1064 Iam
433 1024 525 1063 mihi
552 1024 760 1064 dicendum
789 1024 865 1064 erit
884 1024 941 1063 de
969 1024 1176 1064 vocabulis
1195 1024 1375 1071 Graecis,
1400 1038 1499 1076 quae
1523 1025 1564 1064 in

220 1092 323 1131 libro
367 1090 599 1138 Quintiliani
661 1090 1009 1141 deprehenduntur
1045 1086 1250 1140 permulta.
1321 1090 1421 1129 Nam
1476 1091 1565 1141 ipse

181 1152 188 1161 ’
222 1157 403 1200 dixerat,
468 1156 613 1206 ubique
672 1155 860 1194 utendum
905 1166 996 1194 esse
1051 1155 1236 1200 Graecis,
1299 1156 1365 1195 ubi
1410 1156 1564 1195 Latinis

223 1226 335 1261 certa
369 1220 563 1272 quaedam
596 1220 794 1260 vocabula
826 1220 1018 1260 deessent
1046 1224 1114 1259 aut
1153 1233 1202 1260 ex
1226 1221 1391 1261 Graecis
1435 1226 1563 1261 trans-

222 1287 355 1326 versio
396 1299 532 1337 parum
570 1286 736 1337 propria
774 1291 896 1326 esset.
986 1287 1108 1336 Atqui
1156 1291 1233 1325 tum
1277 1287 1458 1337 quaestio
1499 1292 1563 1326 ex-

222 1358 312 1391 orta
346 1351 452 1395 erat,
498 1360 548 1389 an
582 1352 721 1389 eadem
755 1352 911 1390 ratione.
947 1360 1025 1401 qua
1059 1352 1223 1397 Latina,
1263 1353 1381 1390 etiam
1409 1353 1566 1391 Graeca

223 1418 345 1456 verba
371 1417 574 1455 declinare
603 1417 847 1455 conveniret.
894 1417 943 1455 cs.
971 1417 1001 1458 Ι.
1028 1417 1063 1460 5,
1091 1416 1255 1456 58—63.
1309 1418 1368 1457 De
1399 1430 1475 1467 qua
1502 1430 1564 1456 re:

229 1483 363 1524 „Nunc
389 1480 658 1528 recentiores,
695 1482 837 1531 inquit,
865 1482 1121 1520 instituerunt
1148 1482 1315 1521 Graecis
1342 1482 1565 1521 nominibus

223 1547 403 1587 Graecas
432 1546 724 1587 declinationes
748 1547 879 1597 potius
907 1547 1017 1591 dare,
1046 1548 1150 1597 quod
1177 1551 1309 1586 tamen
1336 1548 1462 1598 ipsum
1486 1555 1566 1587 non

223 1620 382 1664 semper
409 1612 493 1651 fieri
520 1616 669 1663 potest.
725 1612 819 1651 Mihi
847 1616 977 1651 autem
1004 1612 1139 1663 placet
1165 1612 1344 1651 Latinam
1373 1613 1564 1651 rationem

222 1679 358 1731 sequi,
400 1689 606 1729 quousque
638 1678 814 1729 patietur
847 1678 981 1718 decor.
1049 1677 1187 1729 Neque
1226 1679 1329 1718 enim
1363 1679 1441 1718 iam
1471 1677 1565 1724 ,Ca-

221 1747 449 1796 lypsonen1⁸
481 1744 648 1784 dixerim
666 1747 710 1782 ut
726 1734 928 1783 Iunonem.
956 1756 1189 1795 quamquam
1209 1749 1367 1783 secutus
1382 1745 1567 1793 antiquos

224 1803 268 1849 C.
284 1808 436 1849 caesar
464 1810 584 1848 utitur
609 1808 684 1847 hac
711 1808 867 1847 ratione
896 1807 1135 1847 declinandi.
1183 1808 1264 1847 Sed
1290 1809 1568 1847 auctoritatem

224 1875 472 1916 consuetudo
498 1874 734 1925 superavit.·
798 1873 995 1913 Decorem
1023 1884 1111 1913 eum
1138 1858 1250 1925 sequi
1273 1875 1450 1913 videmus
1478 1869 1508 1919 I,
1532 1875 1568 1919 4,

224 1941 284 1985 20,
310 1941 378 1980 ubi
407 1939 672 1986 „Palaemon‘¹
704 1939 820 1985 dicit,
856 1944 943 1977 cum
968 1939 1057 1988 ipse
1085 1939 1331 1989 antiquarios
1357 1939 1569 1978 retinuisse

225 2005 442 2050 confirmet,
470 2008 513 2044 ut
540 2004 772 2049 ..Palaem0-
805 2004 1018 2045 diceretur.
1046 2005 1080 2050 Ι,
1098 2004 1209 2052 5,6Ο.
1247 1993 1432 2044 Ceterum
1446 2004 1567 2044 Grae-

225 2074 295 2111 ‘cas
323 2068 617 2111 declinationes
643 2070 731 2120 ipse
760 2070 992 2121 plerumque
1021 2070 1240 2121 usurpavit,
1269 2070 1354 2109 sive
1383 2070 1506 2110 decor
1531 2071 1568 2108 'ei

222 2138 308 2188 pati
335 2144 415 2177 n'on
442 2134 671 2181 videbatur,
716 2140 759 2175 ut
790 2136 831 2175 in
860 2136 1029 2175 Graecis
1055 2135 1276 2176 nominibus
1302 2135 1483 2176 Latinam
1506 2142 1568 2175 ra-

223 2198 372 2245 tionein
400 2204 649 2253 sequeretur,
684 2203 768 2241 sive
797 2193 1039 2241 Graecarum
1066 2202 1280 2241 formarum
1307 2213 1440 2241 amore
1467 2207 1568 2241 com·

224 2264 353 2310 ‘motus
384 2261 596 2320 proposito
632 2268 766 2307 cessit.
832 2266 915 2307 Sed
942 2268 991 2307 de
1019 2267 1092 2306 hac
1115 2279 1159 2307 re
1188 2267 1421 2308 Bonnellius
1447 2267 1488 2307 in
1514 2260 1568 2307 le-

224 2331 317 2375 fico
344 2324 617 2383 Quintilianeo
643 2346 682 2385 p.
710 2331 984 2373 XXI—xxv
1010 2336 1091 2372 tam
1128 2336 1315 2372 accurate
1340 2332 1569 2383 disputavit,

224 2396 268 2440 ut
294 2397 423 2453 pauca
449 2402 601 2439 tantuin
627 2399 845 2449 adiungere
873 2398 1034 2450 possim.
1069 2398 1169 2438 Rem
1192 2398 1320 2449 ipsam
1345 2398 1406 2437 vir
1423 2398 1567 2437 doctis·

227 2462 348 2507 'simus
387 2465 553 2516 egregie
585 2464 810 2505 illustravit.
891 2463 1003 2511 Quae
1034 2476 1130 2504 vero
1165 2463 1351 2503 addenda
1378 2463 1569 2511 videntur,

228 2530 319 2573 sunt
343 2526 458 2583 haec.

328 2596 368 2648 ᾖ.
394 2585 528 2636 XXH.
560 2596 734 2643 „contra
763 2597 802 2635 in
817 2586 1049 2635 Mascuiinis
1076 2594 1118 2633 in
1144 2605 1190 2633 as
1208 2592 1570 2645 frequentissimum

227 2667 292 2703 est
319 2667 385 2708 an,
414 2667 458 2701 ut
485 2655 663 2709 Demean,
693 2663 735 2707 7,
763 2662 804 2707 9,
835 2661 894 2700 10.
928 2657 967 2705 8,
995 2660 1032 2705 2,
1062 2660 1139 2700 16·
1170 2651 1217 2700 Β.
1267 2652 1469 2712 Exemplis
1502 2654 1566 2702 tii-0
