1777 3029
849 207 909 252 35

175 313 177 317 v
203 331 528 383 quasiwdiscipuli
543 332 785 383 viderentur,
803 333 923 372 etiam
940 332 1114 383 optimos
1135 335 1178 371 et
1200 322 1540 383 praeclarissimos

203 397 433 438 Latinorum
457 398 694 449 scriptorum
719 398 898 450 proxime
922 401 1075 438 tantum
1101 398 1324 439 accessisse
1344 399 1394 438 ad
1414 398 1539 438 Grae-

205 475 277 519 cos
302 463 419 513 dicit;
434 491 435 494 ,
452 464 572 502 etiam
595 462 740 503 cicero
774 468 895 515 atque
921 464 1122 514 Vergilius
1149 463 1348 512 Graecos,
1385 464 1541 503 scilicet

205 528 290 568 suis
312 527 354 568 in
380 528 575 579 partibus,
602 529 857 580 superavisse
883 529 922 569 ei
947 542 1026 569 non
1052 529 1246 569 videntur.
1274 530 1325 568 cf.
1350 528 1404 579 X,
1426 531 1458 580 1,
1477 530 1539 570 81.

135 641 137 643 ,
207 593 294 635 108.
321 593 406 634 123.
439 616 489 623 —-
521 592 574 644 X,
602 595 636 645 1,
663 594 724 635 85.
751 595 812 635 86.
848 595 900 635 cf.
928 594 981 644 X,
1010 595 1045 640 1,
1072 594 1141 635 932
1181 594 1348 645 „Elegia
1381 606 1540 645 quoque

206 658 385 698 Graecos
411 660 711 708 provocamus.“
737 659 789 708 X,
818 661 852 708 1,
873 660 967 699 101:
992 660 1072 708 „At
1093 672 1172 697 non
1187 660 1354 698 historia
1371 660 1541 698 cesserit

206 722 388 772 Graecis,
416 735 490 763 nec
516 736 721 776 opponere
734 721 939 764 Thucididi
955 722 1168 764 Salustium
1193 724 1372 765 verea1·.“
1423 723 1474 774 X,
1505 726 1539 774 1,

207 788 299 829 105:
333 789 550 840 „Oratores
584 779 682 829 vero
715 790 780 830 vel
813 790 1029 840 praecipue
1060 789 1242 828 Latinam
1271 790 1540 840 eloquentiam

206 865 341 904 parem
368 854 503 893 facere
528 856 686 906 possint
703 855 923 895 Graecae.“
975 853 1026 899 X,
1052 855 1086 904 1,
1113 855 1183 895 98³
1212 854 1295 893 Iam
1310 854 1420 894 Varii
1445 852 1541 905 Thy-

207 924 316 959 estes
344 920 507 959 cuilibet
521 921 763 960 Graecarum
791 922 1013 970 comparari
1032 922 1206 971 potest.“
1234 921 1382 971 Itaque,
1412 934 1541 971 quam-

205 985 267 1025 vis
282 985 436 1037 'singuli
463 986 682 1036 scriptores
702 986 849 1026 Graeci
866 986 1131 1037 compluribus
1148 987 1391 1033 locislevius
1409 988 1541 1027 acrius

206 1051 533 1102 perstringantur,
559 1052 753 1098 universis
776 1057 906 1092 tamen
927 1052 1167 1091 Graecorum
1194 1052 1336 1092 litteris
1354 1066 1540 1092 summum

208 1113 249 1156 ct
274 1118 529 1156 clarissimum
556 1117 685 1155 locum
712 1118 903 1165 attribuit,
931 1118 1113 1167 quoniam
1136 1118 1292 1168 singula
1317 1118 1542 1156 Latinarum

205 1183 424 1221 litterarum
450 1194 602 1233 genera
626 1183 683 1221 ita
709 1188 933 1234 percenset,
962 1187 1005 1221 ut
1032 1196 1110 1233 quo
1138 1183 1302 1233 propius
1334 1184 1386 1222 ad
1418 1183 1539 1223 Grae-

208 1261 339 1289 corum
372 1261 535 1299 operum
567 1249 800 1299 dignitatem
826 1254 867 1288 et
893 1249 1222 1300 pulchritudinem
1251 1250 1463 1298 accedant,
1493 1263 1542 1288 eo

207 1314 331 1364 pluris
357 1315 555 1355 aestimet.

307 1381 391 1420 Iam
417 1393 467 1420 ex
493 1380 564 1429 his,
593 1392 694 1431 quae
722 1381 850 1419 adhuc
878 1381 985 1420 dicta
1010 1385 1119 1430 sunt,
1146 1385 1326 1432 apparet,
1354 1381 1535 1428 Quintili-

207 1459 322 1485 anum
344 1445 510 1485 Graecis
537 1446 677 1485 studiis
702 1446 860 1496 penitus
886 1446 1074 1485 imbutum
1102 1447 1238 1487 fuisse.
1265 1447 1381 1494 Quod
1409 1447 1542 1486 ctiam·

208 1512 242 1552 si
274 1524 325 1552 ex
357 1515 446 1551 toto
477 1511 580 1551 libro
614 1512 875 1551 institutionis
910 1513 1111 1552 oratoriae
1148 1513 1365 1552 clarissime
1399 1513 1542 1561 elucet,

206 1577 283 1616 iam
316 1588 385 1623 eo,
419 1576 581 1627 opinor,
615 1576 837 1615 confirmari
862 1580 1025 1627 potest,
1047 1578 1151 1627 quod
1185 1578 1341 1628 adagiis
1375 1577 1552 1617 Graecis·

206 1642 420 1682 identidem
453 1642 717 1690 Quintilianus
751 1643 883 1682 utitur.
943 1643 1044 1682 Nam
1079 1644 1118 1682 in
1151 1644 1241 1694 ipsa
1277 1644 1392 1694 quasi
1424 1644 1544 1694 adyta

206 1708 443 1760 peregrinae
469 1707 625 1759 linguae
653 1709 924 1759 penetraverit
947 1721 1117 1748 necesse
1144 1713 1219 1759 est,
1248 1710 1313 1759 qui
1332 1709 1545 1760 provcrbia

208 1775 293 1814 eius
320 1774 522 1825 amplexus
550 1777 626 1814 cst.
666 1774 836 1825 'Adagia
861 1775 1019 1815 Graeca
1043 1774 1295 1813 inveniuntur
1326 1775 1357 1823 l,
1388 1775 1445 1824 10,
1473 1775 1520 1813 21
1532 1788 1548 1815 :-

206 1840 411 1891 „Denique
435 1839 476 1878 in
502 1839 753 1890 proverbium
779 1852 903 1890 usque
932 1840 1174 1880 Graecorum
1201 1840 1446 1879 celebratum
1469 1843 1543 1889 est,

208 1906 378 1945 ludootos
401 1919 424 1944 a
452 1905 572 1946 Musis
594 1912 700 1958 atque
723 1919 746 1944 a
776 1904 918 1945 Gratiis
944 1905 1100 1946 obem.“
1127 1905 1177 1944 cf.
1205 1904 1342 1956 Spald.
1370 1906 1422 1945 ad
1448 1906 1485 1945 h.
1512 1906 1540 1944 1.

206 1972 257 2018 V,
284 1971 344 2021 14,
369 1972 441 2012 312
485 1971 680 2021 „Feratur
722 1983 821 2022 ergo
859 1984 939 2011 non
979 1971 1128 2011 semitis
1163 1974 1236 2010 sed
1270 1972 1418 2022 campis
1462 1972 1541 2010 elo-

206 2038 377 2089 quentia,
416 2049 497 2076 non
528 2037 582 2076 uti
610 2037 743 2076 fontes
774 2038 952 2088 angustis
967 2037 1108 2076 fistulis
1136 2037 1385 2087 colliguntur,
1412 2038 1484 2077 sed
1500 2042 1543 2076 ut

207 2103 426 2144 beatissimi
469 2114 603 2142 amnes
642 2102 740 2142 totis
767 2102 937 2142 vallibus
980 2103 1114 2149 fluunt,
1155 2114 1202 2141 ac
1236 2102 1312 2141 sibi
1338 2102 1461 2153 viam,
1508 2103 1542 2142 si

208 2169 366 2219 quando
393 2181 473 2207 non
500 2167 712 2217 acceperit,
740 2167 872 2206 faciat.
899 2167 998 2206 Nam
1026 2168 1119 2217 quid
1143 2168 1214 2207 illa
1240 2167 1423 2207 miserius
1450 2168 1541 2218 lege

206 2227 316 2274 velut
354 2232 644 2285 praeformatas
683 2231 901 2272 infantibus
942 2232 1099 2272 litteras
1132 2233 1454 2283 persequentium
1486 2238 1539 2281 et,

207 2303 250 2338 ut
274 2298 422 2338 Gracci
447 2298 581 2337 dicere
608 2298 752 2347 solent,
780 2312 881 2350 quem
908 2305 1024 2337 neuter
1048 2300 1223 2338 amictum
1245 2299 1360 2346 dedit,
1382 2299 1543 2337 sollicite

206 2363 502 2404 custodientium:
530 2367 606 2403 etc.
637 2362 748 2412 VIll',
771 2363 808 2412 6,-
824 2363 893 2403 52:
921 2362 1021 2413 „Est
1046 2364 1086 2404 in
1114 2364 1306 2416 exemplis
1333 2364 1541 2416 allegoria,

208 2430 347 2469 sinon
374 2430 586 2481 praedicta
611 2430 767 2469 ratione
791 2433 1000 2480 ponantur.
1057 2427 1150 2468 Nam
1169 2435 1211 2469 ut
1235 2430 1453 2483 Dubnyse'um
1475 2430 1539 2469 Co·

207 2495 327 2535 rinthi
348 2509 440 2541 esse,
474 2508 552 2546 quo
578 2494 724 2535 Graeci
757 2506 893 2533 omnes
920 2497 1098 2534 utuntur:
1125 2495 1184 2534 ita
1209 2495 1375 2545 plurima
1402 2496 1543 2534 similia

208 2562 287 2601 dici
321 2563 527 2613 possunt.“
586 2561 657 2610 XI,
682 2561 718 2610 3,
745 2560 813 2601 30:
847 2558 957 2610 „Non
991 2561 1092 2599 enim
1126 2561 1212 2599 sinc
1246 2573 1369 2600 causa
1399 2562 1543 2600 dicitur

207 2627 407 2666 barbonem
435 2626 697 2665 Graecumvef‘
725 2625 776 2664 cf.
805 2624 940 2675 Spald.
969 2626 1020 2663 ad
1046 2625 1083 2663 h.
1110 2626 1137 2664 l.

308 2690 441 2744 Atque
474 2691 618 2731 litteris
656 2691 732 2731 iam
771 2690 953 2730 tractatis
991 2695 1238 2731 transeamus
1277 2692 1327 2730 ad
1366 2691 1539 2743 fingmm
