1777 3029
893 164 952 214 44

251 287 392 327 latio.“
401 287 451 327 cf.
461 285 494 338 ἓ.
507 286 565 326 19.
574 310 614 315 -
625 286 696 329 IX.
705 287 739 330 2.
746 288 813 328 27:
826 287 957 329 Oratio
968 287 1090 331 libera,
1099 300 1214 343 quam
1223 288 1457 341 Cornificius
1464 290 1586 334 licen·

251 353 348 391 tiam
375 358 511 392 vocat.
545 351 690 391 Graeci
716 353 923 404 παρρησίαν,
957 375 1005 380 -
1040 352 1110 394 ΙΧ.
1136 354 1177 408 3„
1198 354 1266 393 81:
1290 353 1590 408 Contrapoaeilm

252 418 332 466 vel,
351 421 394 456 ut
413 418 568 467 quidam
596 421 753 464 vocant,
782 418 985 458 contentio
1000 417 1194 469 (ἀντίθετον
1209 416 1382 472 dicitur.)
1408 420 1459 464 cf,
1474 419 1510 473 Ξ,
1526 421 1589 472 32.

254 482 315 521 83.
344 482 428 522 102.
457 502 500 508 ——
529 481 600 524 111.
620 482 660 525 5.
686 482 731 521 5:
759 483 856 523 Item
886 484 1091 530 convenit,
1118 484 1374 533 quaestiones
1402 497 1494 539 esse
1522 489 1590 531 aaut

252 546 425 585 infinitas
451 549 520 583 aut
545 545 689 585 finitas.
743 546 912 597 Infinitae
945 552 1068 604 sunt„
1086 561 1189 599 quae
1216 550 1378 593 remotis
1405 551 1589 603 personis

256 616 297 650 et
334 610 580 661 temporibus
617 615 657 649 et
699 611 800 649 locis
836 612 1060 662 ceterisque
1093 613 1285 656 similibus
1320 615 1359 652 in
1388 619 1600 665 utramque-

254 680 409 727 partem
434 678 667 720 tractantur,
696 677 803 727 quod
830 677 973 716 Graeci
1015 677 1111 716 θέσιν
1152 679 1304 724 dicunt.
1333 679 1475 719 Cicero
1503 691 1591 731 pro-

253 740 437 792 positum,
455 739 521 778 alii
542 742 798 792 quaestiones
816 742 1064 783 universales
1079 744 1229 790 civiles,
1253 732 1320 783 alii
1340 745 1593 797 quaestiones

254 806 494 857 philosopho
514 807 811 851 convenientes,
824 808 1054 849 Athenaeus
1073 815 1226 860 partem
1247 822 1391 850 causae
1410 810 1595 861 apellat‚⁸⁴

258 875 308 913 cf.
336 873 410 918 ΙΙΙ,
438 873 475 917 6,
504 875 564 911 Sl.
593 872 643 913 X.
670 873 709 918 5,
739 873 797 911 11.
825 895 874 900 —
904 873 1176 926 Praesumptio,
1212 887 1313 924 quae
1341 874 1513 926 πρόληψις
1539 875 1594 913 di-

256 940 369 978 citur.
397 937 467 981 IX,
493 938 530 982 2,
561 938 618 976 16.
650 938 695 975 18
722 936 811 986 (Cic
847 939 897 977 de
925 943 1024 978 orat.
1043 937 1081 979 3
1097 940 1148 978 53
1172 940 1507 990 anteoccupatio.)

357 1026 393 1078 3'.
447 1039 665 1088 Analogia,
694 1051 809 1087 quam
836 1040 1015 1088 proxime
1044 1052 1094 1077 ex
1121 1040 1278 1078 Graeco
1305 1040 1597 1078 transferentes

257 1105 297 1143 in
327 1104 510 1143 Latinum
537 1104 867 1154 ,‚propvrti‹mem“
894 1108 1149 1143 vocaverunt.
1177 1105 1208 1151 1,
1236 1105 1273 1150 6,
1300 1105 1336 1144 3.
1365 1104 1415 1144 cf.
1442 1104 1474 1149 I,
1499 1104 1534 1149 5,
1561 1104 1597 1144 9.

358 1186 419 1223 De
440 1185 585 1236 fictione
614 1185 831 1223 Latinorum
858 1186 1051 1223 verborum
1071 1186 1242 1225 disserit
1267 1184 1412 1225 Noster
1439 1186 1549 1230 VIII,
1562 1186 1600 1231 3,

257 1252 421 1292 30—37.
449 1252 517 1290 33:
547 1250 695 1294 „Multa
723 1262 773 1288 ex
800 1250 957 1289 Gracco
982 1251 1154 1290 formata
1179 1263 1286 1290 nova
1312 1263 1359 1289 ac
1383 1251 1550 1301 plurima
1577 1263 1600 1288 a

260 1316 402 1367 Sergio
436 1316 594 1360 Flavio,
631 1327 793 1364 quorum
830 1317 929 1354 dura
957 1316 1383 1366 quaedam2adm0dum
1408 1316 1599 1361 videntur,

259 1387 302 1421 ut
335 1395 398 1420 ens
433 1386 475 1420 et
508 1383 659 1419 essentia
669 1393 679 1430 ;
726 1393 828 1430 quae
864 1393 934 1419 cur
965 1385 1179 1430 tantopere
1212 1393 1468 1431 aspernemur
1504 1381 1601 1418 nihil

261 1448 392 1492 video,
426 1446 501 1485 nisi
534 1447 641 1496 quod
674 1446 796 1496 iniqui
831 1446 984 1484 iudices
1015 1447 1206 1485 adversus
1235 1458 1307 1485 nos
1335 1458 1465 1485 sumus
1494 1446 1600 1484 ideo-

261 1525 337 1563 que
364 1516 601 1562 paupertate
626 1512 820 1551 sei-monis
837 1511 1074 1551 laboramus.
1129 1510 1333 1558 Quaedam
1357 1516 1489 1550 tamen
1514 1523 1601 1561 per-

259 1580 415 1617 durant.
442 1578 510 1616 36:
544 1578 778 1615 Audendum
812 1578 966 1626 itaque3
999 1589 1128 1626 neque
1168 1577 1270 1614 enim
1298 1577 1451 1617 accedo
1469 1576 1603 1620 Celso,

263 1643 329 1693 qui
365 1643 414 1681 ab
451 1646 613 1682 oratore
652 1643 774 1681 verba
799 1641 892 1692 fingi
924 1645 1043 1681 vetat.
1097 1639 1209 1687 Nam,
1245 1654 1329 1680 cum
1364 1641 1445 1681 sint
1471 1653 1602 1680 eorum

261 1709 340 1747 alia
366 1707 427 1758 (ut
449 1709 550 1747 dicit
579 1708 738 1755 Cicero)
766 1709 921 1753 nativa,
955 1709 996 1746 id
1024 1713 1103 1752 est.
1136 1719 1236 1757 quae
1264 1708 1487 1757 significata
1514 1711 1606 1745 sunt

260 1774 386 1824 primo
414 1784 551 1818 sensu,
577 1773 656 1811 alia
682 1778 861 1823 reperta,
889 1785 990 1823 quae
1018 1785 1070 1811 ex
1091 1773 1152 1812 his
1180 1772 1289 1811 facta
1317 1776 1426 1823 sunt;
1461 1776 1504 1811 ut
1529 1772 1606 1811 iam

247 1840 375 1878 'nobis
403 1851 555 1889 ponere
584 1839 680 1882 alia.
709 1851 824 1888 quam
853 1851 955 1888 quae
982 1839 1039 1877 illi
1064 1840 1185 1878 rudes
1211 1839 1390 1877 homines
1415 1838 1606 1888 primique

261 1905 465 1950 fecerunt,
505 1903 567 1941 fas
589 1916 667 1942 non
697 1904 768 1942 sit:
814 1908 857 1941 at
889 1904 1093 1950 delinire,
1134 1904 1315 1949 flectere,
1355 1904 1605 1954 coniungere.

261 1970 367 2020 quod
400 1969 504 2007 natis
542 1974 688 2019 postea
724 1981 959 2007 concessum
994 1975 1073 2014 est,
1110 1970 1269 2019 quando
1306 1969 1427 2007 desiit
1457 1968 1608 2007 licere?

260 2036 329 2075 37:
357 2034 425 2079 Et,
451 2035 485 2073 si
513 2035 608 2085 quid
627 2034 891 2090 periculosius
924 2035 1086 2073 finxisse
1117 2035 1346 2079 videbimur.
1375 2034 1607 2084 quibusdam

266 2100 453 2154 remediis
485 2099 833 2149 praemuniendum
860 2105 942 2138 est:
971 2099 1027 2138 Ut
1045 2100 1102 2138 ita
1120 2100 1259 2142 dicam.
1286 2098 1329 2138 Si
1348 2099 1443 2137 licet
1461 2099 1607 2144 dicere.

261 2165 440 2212 Quodam
463 2165 594 2208 modo.
620 2164 845 2203 Permittite
873 2166 961 2203 milii
992 2166 1049 2204 sic
1070 2165 1138 2204 uti,
1166 2164 1282 2211 Quod
1302 2163 1407 2203 idem
1426 2165 1544 2213 etiam
1562 2164 1604 2208 in

260 2231 321 2277 iis,
350 2243 451 2281 quac
470 2231 656 2269 licentius
674 2231 869 2270 translata
887 2235 1012 2277 eruut,
1026 2229 1218 2281 proderit,
1232 2229 1405 2281 nihilque
1423 2242 1504 2269 non
1522 2233 1609 2270 tuto

262 2297 341 2335 dici
369 2301 514 2347 potest,
540 2297 579 2335 in
608 2310 684 2347 quo
712 2310 791 2335 non
820 2296 904 2334 falli
933 2297 1115 2334 iudicium
1140 2301 1317 2334 nostrum
1336 2295 1605 2335 sollicitudine

262 2362 353 2411 ipsa
383 2362 635 2399 manifestum
673 2362 760 2401 erit.
814 2362 984 2408 Quade
1019 2372 1063 2398 re
1089 2361 1285 2399 Graecum
1318 2360 1414 2399 illud
1449 2361 1610 2411 elegan-

262 2428 453 2466 tissimum
481 2433 556 2472 est,
585 2439 662 2477 quo
690 2427 937 2476 praecipitur
964 2426 1255 2477 προεπιπλήσσειν
1281 2428 1328 2476 τῇ
1342 2425 1561 2480 ὖπερβολῇθ*

365 2508 556 2546 Videmus
583 2507 707 2557 igitur
726 2506 1009 2553 Quintilianum
1037 2506 1220 2544 Latinum
1247 2518 1467 2545 sermonem
1484 2507 1609 2545 Grae-

259 2586 337 2613 cae
364 2573 523 2625 linguae
548 2573 656 2612 nullo
683 2572 801 2611 modo
821 2572 1063 2612 condonare.
1094 2571 1268 2619 Quocum
1285 2573 1388 2611 bene
1406 2572 1610 2623 congruit,

264 2640 371 2693 quod
394 2652 552 2691 semper
579 2639 663 2678 sere
693 2638 937 2677 Graecorum
965 2638 1201 2689 scriptorum
1226 2638 1340 2677 locos
1366 2638 1511 2678 citatos
1537 2637 1611 2677 La-
