1777 3029
886 174 936 211 10

244 294 413 333 conficta
446 293 697 343 immissaque
732 294 877 342 barba,
923 295 1046 333 veluti
1088 295 1378 345 despexissent
1404 294 1585 333 oratoria

186 345 1089 409 moi-'unt
1078 373 1117 398 ιιι
1139 360 1286 399 scholis
1304 360 1583 413 philosophan-

242 425 348 474 tium,
376 422 419 462 1it
442 417 1591 478 deffffiss‘in—Iffifflimmssffi‘m

237 483 1499 543 mffiffrfffflvffffifflmwmwnmfflffluphoeenim
1535 491 1584 530 si-

243 554 380 592 mulari
407 558 556 604 potest,
585 555 815 605 eloquentia
841 568 919 595 non
949 556 1118 606 potest.“
1142 556 1233 606 XII,
1260 557 1296 607 2,
1309 557 1353 597 9:
1381 557 1582 607 „Utinam-

244 631 319 669 que
361 620 413 658 sit
453 623 608 670 tempus
647 631 837 671 unquam,
881 633 960 671 quo
994 622 1200 671 perfectus
1227 622 1388 673 aliquis,
1430 622 1586 673 qualem

244 690 440 736 optamus,
472 683 1619 790 ommi-Q

244 756 286 790 et
314 752 420 791 vitiis
446 752 689 802 quorundam
745 765 795 792 on
875 765 935 791 ius
962 764 1115 792 eoi-rum
1146 753 1293 792 entium
1317 754 1485 792 invisam
1506 753 1586 792 vin·

233 764 1663 869 ffiffiffissssffiffimm

244 883 455 921 adducatf‘
484 895 500 906 ·
871 913 876 917 .

349 948 461 987 Haec
499 949 584 987 fere
621 952 730 996 sunt,
762 960 862 998 quac
898 949 1145 999 philosophis
1178 948 1328 988 Noster
1371 949 1587 999 opprobrio

247 1014 351 1051 facit.
389 1013 494 1052 Sane
514 1013 618 1051 haud
638 1013 745 1052 levia
763 1013 956 1063 videntur,
984 1014 1057 1053 sed
1076 1013 1211 1064 digna,
1240 1025 1340 1064 quac
1365 1013 1588 1054 accuratius

244 1079 537 1130 perquirantur.
590 1078 689 1118 Nam
722 1079 815 1129 quid
842 1084 916 1123 cst,
944 1080 1050 1130 quod
1078 1080 1347 1131 grammaticis
1372 1079 1588 1119 identidem

246 1158 288 1184 se
318 1146 513 1195 praebeat
540 1145 826 1194 amicissimum,
850 1145 1113 1196 philosophos
1140 1158 1269 1196 paene
1298 1146 1392 1184 odio
1419 1146 1588 1184 insecte-

245 1212 335 1249 tur?
388 1210 474 1257 Qua
507 1211 547 1248 in
589 1222 631 1248 re
670 1209 853 1260 pe1multi
893 1215 936 1249 et
971 1211 1191 1252 doctissimi
1225 1211 1296 1250 viri
1325 1211 1589 1250 adulationem

189 1312 191 1314 .
245 1276 461 1315 Domitiani
494 1276 685 1325 suspicati
721 1279 828 1323 sunt,
869 1277 934 1325 qui
959 1277 1093 1315 edicto
1121 1277 1230 1315 edito
1259 1288 1396 1315 omnes
1417 1276 1589 1326 philoso-

249 1341 350 1391 phos
379 1353 429 1379 ex
456 1340 576 1379 ltalia
603 1340 825 1390 expulerat.
851 1340 1014 1380 Sueton.
1041 1341 1187 1381 Domit.
1217 1342 1277 1381 10.
1313 1340 1387 1380 Cui
1414 1340 1591 1391 opinioni

250 1406 434 1456 equidem
461 1418 540 1445 non
570 1406 772 1444 accedam.
825 1406 924 1445 Nam
951 1406 1040 1446 sola
1065 1408 1141 1445 iam
1166 1407 1236 1445 illa
1260 1406 1482 1457 persuasio,
1509 1406 1591 1456 phi-

248 1472 441 1522 losophos
469 1471 697 1511 oratoribus
726 1472 911 1521 optimam
940 1473 1143 1511 oratoriae
1172 1472 1409 1523 disciplinae
1436 1475 1592 1523 partem

248 1538 463 1589 eripuisse,
504 1536 573 1588 (cf.
614 1550 652 1588 p.
694 1538 729 1578 6.
775 1538 816 1586 7)
863 1550 1014 1589 suaque
1053 1540 1231 1590 ipsorum
1270 1538 1482 1589 disciplina
1520 1537 1586 1576 im-

248 1604 537 1656 pudentissime
563 1603 738 1654 gloriari,
768 1603 1062 1653 Quintilianum,
1091 1604 1157 1654 qui
1186 1604 1360 1644 oratoris
1388 1603 1521 1642 officia
1547 1615 1594 1641 ae

249 1669 382 1708 studia
416 1669 564 1708 ceteris
605 1669 785 1708 omnibus
823 1669 943 1721 longe
980 1669 1224 1708 antecellere
1252 1668 1510 1718 existimavit,
1552 1667 1593 1706 in

246 1734 509 1786 philosophos
538 1734 808 1774 stimulaxerit.
837 1734 1021 1774 ceterum
1048 1747 1180 1774 mores
1208 1746 1353 1784 eorum,
1382 1735 1449 1785 qui
1475 1733 1592 1781 Quin-

249 1801 376 1841 tiliani
404 1805 581 1850 tempore
610 1786 935 1851 philosophorum
964 1812 1109 1839 nomen
1136 1811 1232 1850 prae
1259 1810 1305 1839 sc
1324 1799 1521 1844 ferebant,
1549 1811 1593 1837 re

246 1878 344 1907 vera
369 1866 534 1917 pessimi
561 1865 729 1904 suerunt.
756 1865 797 1904 id
826 1865 932 1915 quod
960 1866 1010 1905 ab
1036 1866 1125 1915 aliis
1153 1877 1311 1916 quoque
1331 1865 1592 1916 scriptoribus

249 1932 512 1971 confirmatur.
542 1932 593 1971 cf.
616 1932 698 1970 Iuv.
726 1932 778 1981 ΙΙ,
805 1932 841 1971 8.
870 1931 912 1970 9:
971 1931 1067 1978 Quis
1096 1931 1199 1970 enim
1230 1943 1310 1970 non
1335 1930 1445 1970 vicus
1472 1930 1593 1969 abun·

212 1959 1596 2047 ‚Ant-histibus-obseoenis-'Pss-SWWW
1629 2007 1633 2009 ·

248 2075 328 2110 me,
364 2075 414 2101 ne
451 2062 720 2101 adulationem
741 2062 796 2107 'in
829 2049 900 2101 illa
927 2062 1155 2109 Quintiliani
1184 2062 1373 2112 opinione
1400 2061 1593 2112 suspicer,
1649 2111 1652 2115 Α
1702 2065 1708 2070 “

250 2129 356 2180 quod
399 2128 518 2168 etiam
558 2127 678 2167 multo
706 2131 801 2179 post
828 2140 941 2179 quam
967 2127 1215 2168 Domitianus
1237 2127 1432 2179 perierat,
1475 2126 1595 2177 plane

250 2195 416 2234 eaedem
435 2194 545 2233 rixae
566 2198 608 2232 et
626 2194 907 2234 contentiones
934 2194 1040 2233 inter
1066 2194 1248 2233 rhetores
1266 2205 1313 2232 ac
1332 2191 1595 2244 philosophos

250 2260 614 2313 deprehenduntur.
649 2259 697 2299 cf.
725 2259 824 2299 illud
852 2272 939 2300 cum
963 2259 1095 2300 ironia
1123 2259 1290 2311 quadam
1317 2258 1464 2299 dictum
1490 2256 1596 2309 apud

248 2327 387 2367 Front.
423 2327 540 2377 epist.
569 2325 712 2365 Graec.
740 2326 782 2364 4:
829 2323 906 2363 Οὐκ
946 2324 988 2363 ἄν
1025 2325 1066 2363 δὲ
1104 2324 1250 2376 ἔξαρνος
1289 2323 1361 2375 εἴην
1395 2324 1439 2361 τὰ
1472 2325 1597 2373 πρῶτα

250 2390 326 2443 παρ’
365 2391 443 2442 ἐμοὶ
469 2389 644 2443 φέρεσθαι
670 2389 734 2440 τὴν
768 2390 809 2429 ἐκ
835 2390 994 2432 παιδείας
1020 2389 1137 2442 φιλίαν
1164 2389 1403 2429 ἐνσταῦεἴσαν.
1433 2387 1596 2429 Παιδείαν

250 2458 291 2495 δὲ
318 2458 447 2507 ταύτην
477 2457 572 2506 λέγω
600 2457 662 2506 τὴν
689 2459 760 2493 τῶν
787 2437 959 2573 ῥητΐρων.
989 2456 1087 2506 Αὕτη
1114 2455 1183 2506 γὰρ
1201 2455 1303 2493 δοκεῖ
1318 2468 1376 2505 μοι
1392 2454 1595 2505 ἀνθρωπίνη

251 2537 299 2565 τις
334 2522 436 2561 εἶναι·
473 2524 495 2572 ἡ
531 2523 572 2561 δὲ
600 2525 670 2560 τῶν
709 2520 849 2573 φιλοσὰ
867 2536 918 2559 ων
953 2521 1031 2559 ὓεία
1064 2535 1113 2562 τις
1141 2519 1249 2561 ἔστω.
1302 2521 1447 2561 Front.·
1467 2520 1517 2560 ad
1545 2518 1595 2560 M.

251 2589 369 2631 Caes.
399 2590 448 2629 de
478 2589 609 2640 eloqu
639 2589 754 2639 epist.
783 2589 819 2638 4,
838 2589 882 2628 4:
909 2588 1031 2637 „Tum
1061 2587 1094 2626 si
1122 2586 1290 2626 studium
1317 2587 1595 2638 philosophiae

248 2656 289 2694 in
316 2656 436 2695 rebus
464 2658 576 2694 esset
602 2654 698 2700 solis
725 2657 975 2705 occupatum,
1002 2653 1128 2694 minus
1153 2652 1330 2693 mirarer.
1357 2652 1464 2704 quod
1481 2649 1593 2691 tanto
