<?xml version="1.0" encoding="UTF-8"?>
<!DOCTYPE html PUBLIC "-//W3C//DTD XHTML 1.0 Transitional//EN"
    "http://www.w3.org/TR/xhtml1/DTD/xhtml1-transitional.dtd">
<html xmlns="http://www.w3.org/1999/xhtml" xml:lang="en" lang="en">
 <head>
  <title>
</title>
<meta http-equiv="Content-Type" content="text/html;charset=utf-8" />
  <meta name='ocr-system' content='tesseract 3.04.00' />
  <meta name='ocr-capabilities' content='ocr_page ocr_carea ocr_par ocr_line ocrx_word'/>
</head>
<body>
  <div class='ocr_page' id='page_1' title='image "4771432_0021.png"; bbox 0 0 1777 3029; ppageno 0'>
   <div class='ocr_carea' id='block_1_1' title="bbox 783 179 868 218">
    <p class='ocr_par' dir='ltr' id='par_1_1' title="bbox 783 179 868 218">
     <span class='ocr_line' id='line_1_1' title="bbox 783 179 868 218; baseline 0 0"><span class='ocrx_word' id='word_1_1' title='bbox 783 179 868 218; x_wconf 73' lang='lat'><strong>³·15</strong></span> 
     </span>
    </p>
   </div>
   <div class='ocr_carea' id='block_1_2' title="bbox 172 293 1548 811">
    <p class='ocr_par' dir='ltr' id='par_1_2' title="bbox 172 293 1548 811">
     <span class='ocr_line' id='line_1_2' title="bbox 174 293 1509 352; baseline -0.002 -9"><span class='ocrx_word' id='word_1_2' title='bbox 174 304 236 343; x_wconf 84' lang='lat' dir='ltr'><strong>nis</strong></span> <span class='ocrx_word' id='word_1_3' title='bbox 271 306 499 343; x_wconf 77' lang='lat' dir='ltr'><strong>contextum</strong></span> <span class='ocrx_word' id='word_1_4' title='bbox 532 303 707 342; x_wconf 78' lang='lat' dir='ltr'><strong>mirabor</strong></span> <span class='ocrx_word' id='word_1_5' title='bbox 734 313 924 351; x_wconf 86' lang='lat' dir='ltr'><strong>unquam,</strong></span> <span class='ocrx_word' id='word_1_6' title='bbox 958 314 1072 350; x_wconf 89' lang='lat' dir='ltr'><strong>quem</strong></span> <span class='ocrx_word' id='word_1_7' title='bbox 1109 302 1354 352; x_wconf 85' lang='lat' dir='ltr'><strong>iurgantibus</strong></span> <span class='ocrx_word' id='word_1_8' title='bbox 1390 293 1509 340; x_wconf 83' lang='lat' dir='ltr'><strong>etiam</strong></span> 
     </span>
     <span class='ocr_line' id='line_1_3' title="bbox 174 367 1510 419; baseline -0.002 -10"><span class='ocrx_word' id='word_1_9' title='bbox 174 367 414 409; x_wconf 79' lang='lat' dir='ltr'>mulierculis</span> <span class='ocrx_word' id='word_1_10' title='bbox 449 368 691 419; x_wconf 81' lang='lat' dir='ltr'><strong>superfluere</strong></span> <span class='ocrx_word' id='word_1_11' title='bbox 726 367 863 406; x_wconf 87' lang='lat' dir='ltr'><strong>video:</strong></span> <span class='ocrx_word' id='word_1_12' title='bbox 905 379 990 406; x_wconf 86' lang='lat' dir='ltr'><strong>cum</strong></span> <span class='ocrx_word' id='word_1_13' title='bbox 1025 379 1074 406; x_wconf 90' lang='lat' dir='ltr'><strong>eo</strong></span> <span class='ocrx_word' id='word_1_14' title='bbox 1109 367 1230 417; x_wconf 85' lang='lat' dir='ltr'><strong>quod,</strong></span> <span class='ocrx_word' id='word_1_15' title='bbox 1264 368 1297 407; x_wconf 88' lang='lat' dir='ltr'><strong>si</strong></span> <span class='ocrx_word' id='word_1_16' title='bbox 1325 367 1437 406; x_wconf 87' lang='lat' dir='ltr'><strong>calor</strong></span> <span class='ocrx_word' id='word_1_17' title='bbox 1463 380 1510 406; x_wconf 90' lang='lat' dir='ltr'><strong>ac</strong></span> 
     </span>
     <span class='ocr_line' id='line_1_4' title="bbox 175 428 1510 486; baseline -0.001 -13"><span class='ocrx_word' id='word_1_18' title='bbox 175 434 338 486; x_wconf 81' lang='lat' dir='ltr'><strong>spiritus</strong></span> <span class='ocrx_word' id='word_1_19' title='bbox 360 433 460 478; x_wconf 80' lang='lat' dir='ltr'><strong>tulit.</strong></span> <span class='ocrx_word' id='word_1_20' title='bbox 485 428 716 484; x_wconf 79' lang='lat' dir='ltr'><strong>frequenter</strong></span> <span class='ocrx_word' id='word_1_21' title='bbox 742 433 905 478; x_wconf 85' lang='lat' dir='ltr'><strong>accidit,</strong></span> <span class='ocrx_word' id='word_1_22' title='bbox 940 436 983 471; x_wconf 84' lang='lat' dir='ltr'><strong>ut</strong></span> <span class='ocrx_word' id='word_1_23' title='bbox 1009 445 1234 472; x_wconf 82' lang='lat' dir='ltr'><strong>successum</strong></span> <span class='ocrx_word' id='word_1_24' title='bbox 1263 439 1510 483; x_wconf 86' lang='lat' dir='ltr'><strong>extempora-</strong></span> 
     </span>
     <span class='ocr_line' id='line_1_5' title="bbox 172 497 1509 549; baseline -0.001 -11"><span class='ocrx_word' id='word_1_25' title='bbox 172 499 250 539; x_wconf 86' lang='lat' dir='ltr'><strong>lem</strong></span> <span class='ocrx_word' id='word_1_26' title='bbox 275 498 467 549; x_wconf 79' lang='lat' dir='ltr'><strong>consequi</strong></span> <span class='ocrx_word' id='word_1_27' title='bbox 493 510 586 538; x_wconf 84' lang='lat' dir='ltr'><strong>cura</strong></span> <span class='ocrx_word' id='word_1_28' title='bbox 611 511 692 538; x_wconf 83' lang='lat' dir='ltr'><strong>non</strong></span> <span class='ocrx_word' id='word_1_29' title='bbox 718 498 860 549; x_wconf 76' lang='lat' dir='ltr'><strong>possit.</strong></span> <span class='ocrx_word' id='word_1_30' title='bbox 912 497 1036 536; x_wconf 91' lang='lat' dir='ltr'><strong>Deum</strong></span> <span class='ocrx_word' id='word_1_31' title='bbox 1068 502 1162 537; x_wconf 86' lang='lat' dir='ltr'><strong>tunc</strong></span> <span class='ocrx_word' id='word_1_32' title='bbox 1201 498 1384 546; x_wconf 85' lang='lat' dir='ltr'><strong>affuisse,</strong></span> <span class='ocrx_word' id='word_1_33' title='bbox 1424 510 1509 537; x_wconf 87' lang='lat' dir='ltr'><strong>cum</strong></span> 
     </span>
     <span class='ocr_line' id='line_1_6' title="bbox 173 562 1510 620; baseline -0.001 -16"><span class='ocrx_word' id='word_1_34' title='bbox 173 565 215 604; x_wconf 84' lang='lat' dir='ltr'><strong>id</strong></span> <span class='ocrx_word' id='word_1_35' title='bbox 242 564 460 611; x_wconf 75' lang='lat' dir='ltr'><strong>evenisset,</strong></span> <span class='ocrx_word' id='word_1_36' title='bbox 493 566 654 620; x_wconf 71' lang='lat' dir='ltr'><strong>yeteres</strong></span> <span class='ocrx_word' id='word_1_37' title='bbox 684 567 877 611; x_wconf 79' lang='lat' dir='ltr'><strong>oratores,</strong></span> <span class='ocrx_word' id='word_1_38' title='bbox 910 566 955 601; x_wconf 92' lang='lat' dir='ltr'><strong>ut</strong></span> <span class='ocrx_word' id='word_1_39' title='bbox 986 562 1128 604; x_wconf 87' lang='lat' dir='ltr'><strong>Cicero</strong></span> <span class='ocrx_word' id='word_1_40' title='bbox 1159 565 1226 611; x_wconf 84' lang='lat' dir='ltr'><strong>ait,</strong></span> <span class='ocrx_word' id='word_1_41' title='bbox 1260 564 1510 603; x_wconf 77' lang='lat' dir='ltr'><strong>dictitabant.</strong></span> 
     </span>
     <span class='ocr_line' id='line_1_7' title="bbox 175 628 1548 681; baseline 0.001 -12"><span class='ocrx_word' id='word_1_42' title='bbox 175 629 259 669; x_wconf 85' lang='lat' dir='ltr'><strong>Sed</strong></span> <span class='ocrx_word' id='word_1_43' title='bbox 283 629 388 680; x_wconf 86' lang='lat' dir='ltr'><strong>ratio</strong></span> <span class='ocrx_word' id='word_1_44' title='bbox 414 629 627 669; x_wconf 82' lang='lat' dir='ltr'><strong>manifesta</strong></span> <span class='ocrx_word' id='word_1_45' title='bbox 645 629 746 669; x_wconf 85' lang='lat' dir='ltr'><strong>est.“</strong></span> <span class='ocrx_word' id='word_1_46' title='bbox 799 628 930 676; x_wconf 80' lang='lat' dir='ltr'>Quare</span> <span class='ocrx_word' id='word_1_47' title='bbox 958 630 1045 669; x_wconf 86' lang='lat' dir='ltr'><strong>sino</strong></span> <span class='ocrx_word' id='word_1_48' title='bbox 1073 630 1194 669; x_wconf 91' lang='lat' dir='ltr'><strong>dubio</strong></span> <span class='ocrx_word' id='word_1_49' title='bbox 1213 630 1427 681; x_wconf 83' lang='lat' dir='ltr'><strong>plerasque</strong></span> <span class='ocrx_word' id='word_1_50' title='bbox 1454 630 1510 669; x_wconf 86' lang='lat' dir='ltr'><strong>fa·</strong></span> <span class='ocrx_word' id='word_1_51' title='bbox 1542 629 1548 672; x_wconf 77' lang='lat' dir='ltr'><strong>l</strong></span> 
     </span>
     <span class='ocr_line' id='line_1_8' title="bbox 174 694 1510 747; baseline 0 -13"><span class='ocrx_word' id='word_1_52' title='bbox 174 696 290 735; x_wconf 82' lang='lat' dir='ltr'><strong>bulas</strong></span> <span class='ocrx_word' id='word_1_53' title='bbox 324 694 374 734; x_wconf 90' lang='lat' dir='ltr'><strong>de</strong></span> <span class='ocrx_word' id='word_1_54' title='bbox 406 695 483 735; x_wconf 88' lang='lat' dir='ltr'><strong>diis</strong></span> <span class='ocrx_word' id='word_1_55' title='bbox 516 695 782 744; x_wconf 82' lang='lat' dir='ltr'><strong>heroibusque</strong></span> <span class='ocrx_word' id='word_1_56' title='bbox 813 694 971 740; x_wconf 85' lang='lat' dir='ltr'><strong>reiecit,</strong></span> <span class='ocrx_word' id='word_1_57' title='bbox 1001 695 1128 747; x_wconf 9' lang='lat' dir='ltr'><strong>&#39;idque</strong></span> <span class='ocrx_word' id='word_1_58' title='bbox 1162 697 1202 735; x_wconf 90' lang='lat' dir='ltr'><strong>in</strong></span> <span class='ocrx_word' id='word_1_59' title='bbox 1238 696 1389 734; x_wconf 85' lang='lat' dir='ltr'><strong>duabus</strong></span> <span class='ocrx_word' id='word_1_60' title='bbox 1421 695 1510 745; x_wconf 85' lang='lat' dir='ltr'><strong>ipse</strong></span> 
     </span>
     <span class='ocr_line' id='line_1_9' title="bbox 178 758 1512 811; baseline -0.001 -11"><span class='ocrx_word' id='word_1_61' title='bbox 178 760 367 801; x_wconf 75' lang='lat' dir='ltr'><strong>ostendit.</strong></span> <span class='ocrx_word' id='word_1_62' title='bbox 416 761 489 809; x_wconf 85' lang='lat'>111,</span> <span class='ocrx_word' id='word_1_63' title='bbox 517 761 551 807; x_wconf 83' lang='lat'><strong>7,</strong></span> <span class='ocrx_word' id='word_1_64' title='bbox 575 760 613 800; x_wconf 89' lang='grc'><strong>4.</strong></span> <span class='ocrx_word' id='word_1_65' title='bbox 638 758 683 799; x_wconf 78' lang='lat'><strong>5:</strong></span> <span class='ocrx_word' id='word_1_66' title='bbox 711 758 794 807; x_wconf 80' lang='lat' dir='ltr'><strong>„Ut</strong></span> <span class='ocrx_word' id='word_1_67' title='bbox 811 759 1016 798; x_wconf 78' lang='lat' dir='ltr'>desiderat</span> <span class='ocrx_word' id='word_1_68' title='bbox 1041 763 1171 799; x_wconf 88' lang='lat' dir='ltr'><strong>autem</strong></span> <span class='ocrx_word' id='word_1_69' title='bbox 1190 761 1290 806; x_wconf 86' lang='lat' dir='ltr'><strong>laus,</strong></span> <span class='ocrx_word' id='word_1_70' title='bbox 1316 773 1417 811; x_wconf 87' lang='lat' dir='ltr'><strong>quae</strong></span> <span class='ocrx_word' id='word_1_71' title='bbox 1445 773 1512 799; x_wconf 89' lang='lat' dir='ltr'><strong>ne-</strong></span> 
     </span>
    </p>
   </div>
   <div class='ocr_carea' id='block_1_3' title="bbox 1588 657 1666 695">
    <p class='ocr_par' dir='ltr' id='par_1_3' title="bbox 1588 657 1666 695">
     <span class='ocr_line' id='line_1_10' title="bbox 1588 657 1666 695; baseline 0 -31"><span class='ocrx_word' id='word_1_72' title='bbox 1588 657 1666 695; x_wconf 38' lang='lat' dir='ltr'><strong>ff</strong></span> 
     </span>
    </p>
   </div>
   <div class='ocr_carea' id='block_1_4' title="bbox 174 819 1515 1205">
    <p class='ocr_par' dir='ltr' id='par_1_4' title="bbox 174 819 1515 1205">
     <span class='ocr_line' id='line_1_11' title="bbox 176 819 1511 878; baseline 0 -12"><span class='ocrx_word' id='word_1_73' title='bbox 176 819 298 878; x_wconf 81' lang='lat' dir='ltr'><strong>gotiis</strong></span> <span class='ocrx_word' id='word_1_74' title='bbox 322 826 543 871; x_wconf 71' lang='lat' dir='ltr'>adhibetur,</span> <span class='ocrx_word' id='word_1_75' title='bbox 578 824 868 876; x_wconf 81' lang='lat' dir='ltr'><strong>probationem.</strong></span> <span class='ocrx_word' id='word_1_76' title='bbox 905 824 963 863; x_wconf 84' lang='lat' dir='ltr'><strong>sic</strong></span> <span class='ocrx_word' id='word_1_77' title='bbox 996 824 1112 864; x_wconf 81' lang='lat' dir='ltr'><strong>etiam</strong></span> <span class='ocrx_word' id='word_1_78' title='bbox 1136 825 1217 870; x_wconf 86' lang='lat' dir='ltr'><strong>illa,</strong></span> <span class='ocrx_word' id='word_1_79' title='bbox 1252 839 1352 877; x_wconf 88' lang='lat' dir='ltr'><strong>quae</strong></span> <span class='ocrx_word' id='word_1_80' title='bbox 1381 830 1511 866; x_wconf 88' lang='lat' dir='ltr'><strong>osten·</strong></span> 
     </span>
     <span class='ocr_line' id='line_1_12' title="bbox 174 890 1513 943; baseline -0.001 -13"><span class='ocrx_word' id='word_1_81' title='bbox 174 891 318 931; x_wconf 82' lang='lat' dir='ltr'><strong>tationi</strong></span> <span class='ocrx_word' id='word_1_82' title='bbox 345 891 604 942; x_wconf 82' lang='lat' dir='ltr'><strong>componitur,</strong></span> <span class='ocrx_word' id='word_1_83' title='bbox 638 890 760 929; x_wconf 89' lang='lat' dir='ltr'><strong>habet</strong></span> <span class='ocrx_word' id='word_1_84' title='bbox 784 890 939 928; x_wconf 86' lang='lat' dir='ltr'><strong>interim</strong></span> <span class='ocrx_word' id='word_1_85' title='bbox 967 890 1128 941; x_wconf 72' lang='lat' dir='ltr'><strong>aliquam</strong></span> <span class='ocrx_word' id='word_1_86' title='bbox 1152 892 1306 942; x_wconf 61' lang='lat' dir='ltr'><strong>specul-m</strong></span> <span class='ocrx_word' id='word_1_87' title='bbox 1325 890 1513 943; x_wconf 72' lang='lat' dir='ltr'><strong>probatio·</strong></span> 
     </span>
     <span class='ocr_line' id='line_1_13' title="bbox 174 953 1514 1009; baseline -0.001 -13"><span class='ocrx_word' id='word_1_88' title='bbox 174 958 249 1005; x_wconf 72' lang='grc' dir='ltr'><strong>πίε,</strong></span> <span class='ocrx_word' id='word_1_89' title='bbox 288 961 333 996; x_wconf 90' lang='lat' dir='ltr'><strong>ut</strong></span> <span class='ocrx_word' id='word_1_90' title='bbox 372 956 438 1008; x_wconf 90' lang='lat' dir='ltr'><strong>qui</strong></span> <span class='ocrx_word' id='word_1_91' title='bbox 472 955 679 996; x_wconf 79' lang='lat' dir='ltr'><strong>Romulum</strong></span> <span class='ocrx_word' id='word_1_92' title='bbox 712 953 850 996; x_wconf 84' lang='lat' dir='ltr'><strong>Martis</strong></span> <span class='ocrx_word' id='word_1_93' title='bbox 875 956 1005 995; x_wconf 72' lang='lat' dir='ltr'><strong>filium</strong></span> <span class='ocrx_word' id='word_1_94' title='bbox 1040 956 1328 1009; x_wconf 83' lang='lat' dir='ltr'><strong>educatumque</strong></span> <span class='ocrx_word' id='word_1_95' title='bbox 1362 969 1387 996; x_wconf 86' lang='lat' dir='ltr'><strong>a</strong></span> <span class='ocrx_word' id='word_1_96' title='bbox 1418 956 1514 1008; x_wconf 85' lang='lat' dir='ltr'><strong>lupa</strong></span> 
     </span>
     <span class='ocr_line' id='line_1_14' title="bbox 176 1022 1513 1073; baseline -0.001 -11"><span class='ocrx_word' id='word_1_97' title='bbox 176 1024 294 1067; x_wconf 82' lang='lat' dir='ltr'><strong>dicat,</strong></span> <span class='ocrx_word' id='word_1_98' title='bbox 319 1023 360 1062; x_wconf 93' lang='lat' dir='ltr'><strong>in</strong></span> <span class='ocrx_word' id='word_1_99' title='bbox 387 1022 630 1073; x_wconf 73' lang='lat' dir='ltr'><strong>argumentis</strong></span> <span class='ocrx_word' id='word_1_100' title='bbox 657 1022 846 1062; x_wconf 84' lang='lat' dir='ltr'><strong>coelestis</strong></span> <span class='ocrx_word' id='word_1_101' title='bbox 866 1026 978 1062; x_wconf 83' lang='lat' dir='ltr'><strong>ortus</strong></span> <span class='ocrx_word' id='word_1_102' title='bbox 994 1027 1126 1062; x_wconf 81' lang='lat' dir='ltr'><strong>utatur</strong></span> <span class='ocrx_word' id='word_1_103' title='bbox 1151 1024 1223 1067; x_wconf 89' lang='lat' dir='ltr'><strong>his,</strong></span> <span class='ocrx_word' id='word_1_104' title='bbox 1250 1023 1355 1073; x_wconf 88' lang='lat' dir='ltr'><strong>quod</strong></span> <span class='ocrx_word' id='word_1_105' title='bbox 1383 1024 1513 1062; x_wconf 84' lang='lat' dir='ltr'><strong>abiec-</strong></span> 
     </span>
     <span class='ocr_line' id='line_1_15' title="bbox 175 1087 1515 1139; baseline -0.001 -11"><span class='ocrx_word' id='word_1_106' title='bbox 175 1091 238 1128; x_wconf 79' lang='lat' dir='ltr'><strong>tus</strong></span> <span class='ocrx_word' id='word_1_107' title='bbox 264 1088 304 1127; x_wconf 90' lang='lat' dir='ltr'><strong>in</strong></span> <span class='ocrx_word' id='word_1_108' title='bbox 332 1088 588 1139; x_wconf 83' lang='lat' dir='ltr'><strong>profluentem</strong></span> <span class='ocrx_word' id='word_1_109' title='bbox 615 1099 695 1127; x_wconf 89' lang='lat' dir='ltr'><strong>non</strong></span> <span class='ocrx_word' id='word_1_110' title='bbox 722 1087 898 1138; x_wconf 91' lang='lat' dir='ltr'><strong>potuerit</strong></span> <span class='ocrx_word' id='word_1_111' title='bbox 928 1088 1120 1139; x_wconf 81' lang='lat' dir='ltr'><strong>extingui,</strong></span> <span class='ocrx_word' id='word_1_112' title='bbox 1154 1089 1259 1139; x_wconf 90' lang='lat' dir='ltr'><strong>quod</strong></span> <span class='ocrx_word' id='word_1_113' title='bbox 1292 1088 1424 1127; x_wconf 86' lang='lat' dir='ltr'><strong>omnia</strong></span> <span class='ocrx_word' id='word_1_114' title='bbox 1456 1088 1515 1127; x_wconf 81' lang='lat' dir='ltr'><strong>sic</strong></span> 
     </span>
     <span class='ocr_line' id='line_1_16' title="bbox 175 1154 1513 1205; baseline -0.001 -11"><span class='ocrx_word' id='word_1_115' title='bbox 175 1154 323 1205; x_wconf 85' lang='lat' dir='ltr'><strong>egerit,</strong></span> <span class='ocrx_word' id='word_1_116' title='bbox 354 1155 398 1193; x_wconf 88' lang='lat' dir='ltr'><strong>ut</strong></span> <span class='ocrx_word' id='word_1_117' title='bbox 422 1154 596 1205; x_wconf 87' lang='lat' dir='ltr'><strong>genitum</strong></span> <span class='ocrx_word' id='word_1_118' title='bbox 622 1154 808 1205; x_wconf 84' lang='lat' dir='ltr'><strong>praeside</strong></span> <span class='ocrx_word' id='word_1_119' title='bbox 833 1154 1028 1193; x_wconf 86' lang='lat' dir='ltr'><strong>bellorum</strong></span> <span class='ocrx_word' id='word_1_120' title='bbox 1054 1155 1132 1194; x_wconf 89' lang='lat' dir='ltr'><strong>deo</strong></span> <span class='ocrx_word' id='word_1_121' title='bbox 1164 1154 1398 1194; x_wconf 86' lang='lat' dir='ltr'><strong>incredibile</strong></span> <span class='ocrx_word' id='word_1_122' title='bbox 1432 1167 1513 1193; x_wconf 89' lang='lat' dir='ltr'><strong>non</strong></span> 
     </span>
    </p>
   </div>
   <div class='ocr_carea' id='block_1_5' title="bbox 176 1218 1514 1336">
    <p class='ocr_par' dir='ltr' id='par_1_5' title="bbox 176 1218 1514 1335">
     <span class='ocr_line' id='line_1_17' title="bbox 176 1218 1514 1271; baseline -0.001 -12"><span class='ocrx_word' id='word_1_123' title='bbox 176 1223 297 1268; x_wconf 86' lang='lat' dir='ltr'><strong>esset,</strong></span> <span class='ocrx_word' id='word_1_124' title='bbox 325 1219 430 1269; x_wconf 90' lang='lat' dir='ltr'><strong>quod</strong></span> <span class='ocrx_word' id='word_1_125' title='bbox 456 1218 583 1269; x_wconf 86' lang='lat' dir='ltr'><strong>ipsum</strong></span> <span class='ocrx_word' id='word_1_126' title='bbox 610 1218 1514 1271; x_wconf 56' lang='lat' dir='ltr'><strong>qunque-ngo-mneptum-twporirfflefho-</strong></span> 
     </span>
     <span class='ocr_line' id='line_1_18' title="bbox 176 1283 1512 1336; baseline 0 -13"><span class='ocrx_word' id='word_1_127' title='bbox 176 1286 290 1323; x_wconf 72' lang='lat' dir='ltr'><strong>mr&#39;rm</strong></span> <span class='ocrx_word' id='word_1_128' title='bbox 305 1296 387 1323; x_wconf 87' lang='lat' dir='ltr'><strong>non</strong></span> <span class='ocrx_word' id='word_1_129' title='bbox 404 1283 710 1323; x_wconf 67' lang='lat' dir='ltr'><strong>dubitamrintf‘</strong></span> <span class='ocrx_word' id='word_1_130' title='bbox 762 1284 834 1329; x_wconf 87' lang='lat' dir='ltr'><strong>XI,</strong></span> <span class='ocrx_word' id='word_1_131' title='bbox 861 1284 898 1329; x_wconf 82' lang='lat'><strong>2,</strong></span> <span class='ocrx_word' id='word_1_132' title='bbox 928 1284 994 1323; x_wconf 85' lang='lat'><strong>16:</strong></span> <span class='ocrx_word' id='word_1_133' title='bbox 1021 1284 1250 1335; x_wconf 85' lang='lat' dir='ltr'><strong>Quanquam</strong></span> <span class='ocrx_word' id='word_1_134' title='bbox 1277 1285 1512 1336; x_wconf 74' lang='lat' dir='ltr'><strong>mihitotum</strong></span> 
     </span>
    </p>
   </div>
   <div class='ocr_carea' id='block_1_6' title="bbox 153 1347 1690 1660">
    <p class='ocr_par' dir='ltr' id='par_1_6' title="bbox 153 1347 1690 1660">
     <span class='ocr_line' id='line_1_19' title="bbox 177 1347 1514 1410; baseline -0.001 -20"><span class='ocrx_word' id='word_1_135' title='bbox 177 1347 850 1400; x_wconf 61' lang='grc' dir='ltr'><strong>ᾱσῆῐῖῶῑῖΐᾶῖε-(Τῗῆᾱπιτάιιιυιιι</strong></span> <span class='ocrx_word' id='word_1_136' title='bbox 877 1350 1031 1401; x_wconf 85' lang='lat' dir='ltr'><strong>gratiae</strong></span> <span class='ocrx_word' id='word_1_137' title='bbox 1060 1362 1156 1401; x_wconf 85' lang='lat' dir='ltr'><strong>erga</strong></span> <span class='ocrx_word' id='word_1_138' title='bbox 1174 1350 1454 1410; x_wconf 84' lang='lat' dir='ltr'><strong>Simonidem)</strong></span> <span class='ocrx_word' id='word_1_139' title='bbox 1458 1351 1514 1399; x_wconf 82' lang='lat' dir='ltr'><strong>fa-</strong></span> 
     </span>
     <span class='ocr_line' id='line_1_20' title="bbox 180 1397 1518 1468; baseline 0 -13"><span class='ocrx_word' id='word_1_140' title='bbox 180 1397 708 1466; x_wconf 56' lang='lat' dir='ltr'><strong>meque</strong></span> <span class='ocrx_word' id='word_1_141' title='bbox 737 1415 894 1454; x_wconf 89' lang='lat' dir='ltr'><strong>omnino</strong></span> <span class='ocrx_word' id='word_1_142' title='bbox 920 1415 1035 1455; x_wconf 85' lang='lat' dir='ltr'><strong>huius</strong></span> <span class='ocrx_word' id='word_1_143' title='bbox 1068 1417 1128 1455; x_wconf 88' lang='lat' dir='ltr'><strong>rei</strong></span> <span class='ocrx_word' id='word_1_144' title='bbox 1154 1417 1329 1456; x_wconf 80' lang='lat' dir='ltr'><strong>meminit</strong></span> <span class='ocrx_word' id='word_1_145' title='bbox 1353 1429 1518 1468; x_wconf 84' lang='lat' dir='ltr'><strong>usquam</strong></span> 
     </span>
     <span class='ocr_line' id='line_1_21' title="bbox 153 1470 1451 1534; baseline -0.001 -12"><span class='ocrx_word' id='word_1_146' title='bbox 153 1476 424 1534; x_wconf 50' lang='lat' dir='ltr'><strong>mse</strong></span> <span class='ocrx_word' id='word_1_147' title='bbox 427 1470 625 1531; x_wconf 80' lang='lat' dir='ltr'><strong>profecto</strong></span> <span class='ocrx_word' id='word_1_148' title='bbox 651 1492 732 1520; x_wconf 85' lang='grc' dir='ltr'>ιιοιι</span> <span class='ocrx_word' id='word_1_149' title='bbox 755 1481 947 1520; x_wconf 86' lang='lat' dir='ltr'><strong>taciturus</strong></span> <span class='ocrx_word' id='word_1_150' title='bbox 972 1482 1023 1520; x_wconf 88' lang='lat' dir='ltr'><strong>de</strong></span> <span class='ocrx_word' id='word_1_151' title='bbox 1048 1485 1164 1520; x_wconf 84' lang='lat' dir='ltr'><strong>tanta</strong></span> <span class='ocrx_word' id='word_1_152' title='bbox 1187 1494 1259 1521; x_wconf 85' lang='lat' dir='ltr'><strong>sua</strong></span> <span class='ocrx_word' id='word_1_153' title='bbox 1284 1483 1424 1533; x_wconf 84' lang='lat' dir='ltr'><strong>gloria.</strong></span> <span class='ocrx_word' id='word_1_154' title='bbox 1429 1483 1451 1503; x_wconf 88' lang='lat'><strong><em>“</em></strong></span> 
     </span>
     <span class='ocr_line' id='line_1_22' title="bbox 279 1545 1690 1620; baseline 0.001 -34"><span class='ocrx_word' id='word_1_155' title='bbox 279 1547 360 1587; x_wconf 88' lang='lat' dir='ltr'><strong>Sed</strong></span> <span class='ocrx_word' id='word_1_156' title='bbox 387 1546 563 1596; x_wconf 85' lang='lat' dir='ltr'><strong>quamvis</strong></span> <span class='ocrx_word' id='word_1_157' title='bbox 591 1545 663 1584; x_wconf 79' lang='lat' dir='ltr'><strong>has</strong></span> <span class='ocrx_word' id='word_1_158' title='bbox 689 1546 847 1586; x_wconf 84' lang='lat' dir='ltr'><strong>fabulas</strong></span> <span class='ocrx_word' id='word_1_159' title='bbox 873 1546 1031 1592; x_wconf 81' lang='lat' dir='ltr'><strong>refutet,</strong></span> <span class='ocrx_word' id='word_1_160' title='bbox 1057 1551 1189 1586; x_wconf 84' lang='lat' dir='ltr'><strong>tamen</strong></span> <span class='ocrx_word' id='word_1_161' title='bbox 1216 1548 1390 1587; x_wconf 85' lang='lat' dir='ltr'><strong>oraculis</strong></span> <span class='ocrx_word' id='word_1_162' title='bbox 1415 1548 1513 1587; x_wconf 80' lang='lat' dir='ltr'><strong>deos</strong></span> <span class='ocrx_word' id='word_1_163' title='bbox 1575 1563 1690 1620; x_wconf 47' lang='lat' dir='ltr'><em>f</em></span> 
     </span>
     <span class='ocr_line' id='line_1_23' title="bbox 177 1612 1515 1660; baseline 0.001 -8"><span class='ocrx_word' id='word_1_164' title='bbox 177 1613 423 1653; x_wconf 86' lang='lat' dir='ltr'><strong>voluntatem</strong></span> <span class='ocrx_word' id='word_1_165' title='bbox 450 1625 559 1652; x_wconf 84' lang='lat' dir='ltr'><strong>suam</strong></span> <span class='ocrx_word' id='word_1_166' title='bbox 589 1625 674 1652; x_wconf 85' lang='lat' dir='ltr'><strong>cum</strong></span> <span class='ocrx_word' id='word_1_167' title='bbox 689 1612 922 1652; x_wconf 25' lang='lat' dir='ltr'><strong>‘hominibus</strong></span> <span class='ocrx_word' id='word_1_168' title='bbox 958 1613 1245 1653; x_wconf 76' lang='lat' dir='ltr'><strong>communicare</strong></span> <span class='ocrx_word' id='word_1_169' title='bbox 1273 1613 1515 1660; x_wconf 84' lang='lat' dir='ltr'><strong>Quintiliano</strong></span> 
     </span>
    </p>
   </div>
   <div class='ocr_carea' id='block_1_7' title="bbox 111 1673 1565 1731">
    <p class='ocr_par' dir='ltr' id='par_1_7' title="bbox 111 1673 1565 1731">
     <span class='ocr_line' id='line_1_24' title="bbox 111 1673 1565 1731; baseline 0 -12"><span class='ocrx_word' id='word_1_170' title='bbox 111 1673 1565 1731; x_wconf 50' lang='lat' dir='ltr'><strong>WueuuegmmsW-*TWBW“&#39;</strong></span> 
     </span>
    </p>
   </div>
   <div class='ocr_carea' id='block_1_8' title="bbox 126 1744 1518 2386">
    <p class='ocr_par' dir='ltr' id='par_1_8' title="bbox 126 1744 1518 2386">
     <span class='ocr_line' id='line_1_25' title="bbox 177 1744 1515 1796; baseline 0 -12"><span class='ocrx_word' id='word_1_171' title='bbox 177 1745 351 1784; x_wconf 84' lang='lat' dir='ltr'><strong>adiicere</strong></span> <span class='ocrx_word' id='word_1_172' title='bbox 377 1744 411 1784; x_wconf 88' lang='lat' dir='ltr'><strong>si</strong></span> <span class='ocrx_word' id='word_1_173' title='bbox 440 1744 506 1794; x_wconf 88' lang='lat' dir='ltr'><strong>qui</strong></span> <span class='ocrx_word' id='word_1_174' title='bbox 531 1744 641 1783; x_wconf 86' lang='lat' dir='ltr'><strong>volet</strong></span> <span class='ocrx_word' id='word_1_175' title='bbox 659 1756 719 1790; x_wconf 83' lang='lat' dir='ltr'><strong>ea,</strong></span> <span class='ocrx_word' id='word_1_176' title='bbox 746 1755 847 1795; x_wconf 80' lang='lat' dir='ltr'><strong>quae</strong></span> <span class='ocrx_word' id='word_1_177' title='bbox 865 1744 998 1783; x_wconf 84' lang='lat' dir='ltr'><strong>divina</strong></span> <span class='ocrx_word' id='word_1_178' title='bbox 1024 1744 1449 1796; x_wconf 20' lang='lat' dir='ltr'><strong>teVssptinmniamvocant,&gt;</strong></span> <span class='ocrx_word' id='word_1_179' title='bbox 1465 1758 1515 1788; x_wconf 79' lang='lat' dir='ltr'><strong>ex</strong></span> 
     </span>
     <span class='ocr_line' id='line_1_26' title="bbox 176 1794 1516 1869; baseline 0.002 -19"><span class='ocrx_word' id='word_1_180' title='bbox 176 1810 397 1869; x_wconf 64' lang='lat' dir='ltr'><strong>responsis,</strong></span> <span class='ocrx_word' id='word_1_181' title='bbox 431 1809 865 1862; x_wconf 42' lang='lat' dir='ltr'><strong>oraculisL-p-mjnibus:</strong></span> <span class='ocrx_word' id='word_1_182' title='bbox 901 1794 1097 1860; x_wconf 66' lang='lat' dir='ltr'><strong>duplicem</strong></span> <span class='ocrx_word' id='word_1_183' title='bbox 1135 1811 1239 1850; x_wconf 82' lang='lat' dir='ltr'><strong>sciat</strong></span> <span class='ocrx_word' id='word_1_184' title='bbox 1264 1824 1355 1852; x_wconf 84' lang='lat' dir='ltr'><strong>esse</strong></span> <span class='ocrx_word' id='word_1_185' title='bbox 1383 1825 1516 1852; x_wconf 87' lang='lat' dir='ltr'><strong>eorum</strong></span> 
     </span>
     <span class='ocr_line' id='line_1_27' title="bbox 126 1875 1515 1929; baseline 0.001 -14"><span class='ocrx_word' id='word_1_186' title='bbox 126 1887 129 1888; x_wconf 70' lang='grc'>’</span> <span class='ocrx_word' id='word_1_187' title='bbox 176 1879 396 1924; x_wconf 73' lang='lat' dir='ltr'><strong>tractatum,</strong></span> <span class='ocrx_word' id='word_1_188' title='bbox 422 1876 649 1925; x_wconf 83' lang='lat' dir='ltr'><strong>generalem</strong></span> <span class='ocrx_word' id='word_1_189' title='bbox 675 1876 851 1919; x_wconf 87' lang='lat' dir='ltr'><strong>alterum,</strong></span> <span class='ocrx_word' id='word_1_190' title='bbox 877 1875 917 1913; x_wconf 88' lang='lat' dir='ltr'><strong>in</strong></span> <span class='ocrx_word' id='word_1_191' title='bbox 944 1887 1021 1925; x_wconf 90' lang='lat' dir='ltr'><strong>quo</strong></span> <span class='ocrx_word' id='word_1_192' title='bbox 1047 1876 1152 1914; x_wconf 86' lang='lat' dir='ltr'><strong>inter</strong></span> <span class='ocrx_word' id='word_1_193' title='bbox 1177 1875 1336 1916; x_wconf 80' lang='lat' dir='ltr'><strong>Stoicos</strong></span> <span class='ocrx_word' id='word_1_194' title='bbox 1364 1881 1406 1916; x_wconf 89' lang='lat' dir='ltr'><strong>et</strong></span> <span class='ocrx_word' id='word_1_195' title='bbox 1423 1877 1515 1929; x_wconf 84' lang='lat' dir='ltr'><strong>Epi-</strong></span> 
     </span>
     <span class='ocr_line' id='line_1_28' title="bbox 177 1941 1515 1994; baseline 0.001 -13"><span class='ocrx_word' id='word_1_196' title='bbox 177 1941 259 1981; x_wconf 78' lang='lat' dir='ltr'><strong>curi</strong></span> <span class='ocrx_word' id='word_1_197' title='bbox 286 1943 437 1980; x_wconf 87' lang='lat' dir='ltr'><strong>sectam</strong></span> <span class='ocrx_word' id='word_1_198' title='bbox 464 1944 623 1981; x_wconf 86' lang='lat' dir='ltr'><strong>secutos</strong></span> <span class='ocrx_word' id='word_1_199' title='bbox 651 1953 783 1992; x_wconf 84' lang='lat' dir='ltr'><strong>pugna</strong></span> <span class='ocrx_word' id='word_1_200' title='bbox 808 1944 1003 1992; x_wconf 76' lang='lat' dir='ltr'><strong>perpetua</strong></span> <span class='ocrx_word' id='word_1_201' title='bbox 1031 1945 1109 1987; x_wconf 87' lang='lat' dir='ltr'><strong>est,</strong></span> <span class='ocrx_word' id='word_1_202' title='bbox 1142 1945 1357 1993; x_wconf 84' lang='lat' dir='ltr'><strong>regaturne</strong></span> <span class='ocrx_word' id='word_1_203' title='bbox 1385 1944 1515 1994; x_wconf 75' lang='lat' dir='ltr'><strong>provi·</strong></span> 
     </span>
     <span class='ocr_line' id='line_1_29' title="bbox 177 2005 1518 2058; baseline 0.001 -11"><span class='ocrx_word' id='word_1_204' title='bbox 177 2006 314 2047; x_wconf 77' lang='lat' dir='ltr'><strong>dentia</strong></span> <span class='ocrx_word' id='word_1_205' title='bbox 331 2006 516 2056; x_wconf 51' lang='lat' dir='ltr'><strong>mnndum</strong></span> <span class='ocrx_word' id='word_1_206' title='bbox 540 2005 756 2057; x_wconf 85' lang='lat' dir='ltr'><strong>specialem</strong></span> <span class='ocrx_word' id='word_1_207' title='bbox 783 2007 947 2046; x_wconf 83' lang='lat' dir='ltr'><strong>alterum</strong></span> <span class='ocrx_word' id='word_1_208' title='bbox 973 2007 1081 2046; x_wconf 79' lang='lat' dir='ltr'><strong>circa</strong></span> <span class='ocrx_word' id='word_1_209' title='bbox 1098 2011 1237 2058; x_wconf 86' lang='lat' dir='ltr'><strong>partes</strong></span> <span class='ocrx_word' id='word_1_210' title='bbox 1252 2008 1518 2051; x_wconf 58' lang='lat' dir='ltr'><strong>divinationi&amp;</strong></span> 
     </span>
     <span class='ocr_line' id='line_1_30' title="bbox 176 2071 1513 2123; baseline 0.001 -11"><span class='ocrx_word' id='word_1_211' title='bbox 176 2076 220 2112; x_wconf 90' lang='lat' dir='ltr'><strong>ut</strong></span> <span class='ocrx_word' id='word_1_212' title='bbox 245 2083 426 2123; x_wconf 87' lang='lat' dir='ltr'><strong>quaeque</strong></span> <span class='ocrx_word' id='word_1_213' title='bbox 451 2072 491 2110; x_wconf 90' lang='lat' dir='ltr'><strong>in</strong></span> <span class='ocrx_word' id='word_1_214' title='bbox 520 2071 791 2122; x_wconf 81' lang='lat' dir='ltr'><strong>quaestionem</strong></span> <span class='ocrx_word' id='word_1_215' title='bbox 818 2072 937 2111; x_wconf 87' lang='lat' dir='ltr'><strong>cadit.</strong></span> <span class='ocrx_word' id='word_1_216' title='bbox 975 2072 1106 2112; x_wconf 87' lang='lat' dir='ltr'><strong>Aliter</strong></span> <span class='ocrx_word' id='word_1_217' title='bbox 1132 2074 1235 2112; x_wconf 88' lang='lat' dir='ltr'><strong>enim</strong></span> <span class='ocrx_word' id='word_1_218' title='bbox 1254 2075 1513 2123; x_wconf 84' lang='lat' dir='ltr'><strong>oraculorum,</strong></span> 
     </span>
     <span class='ocr_line' id='line_1_31' title="bbox 177 2132 1513 2189; baseline 0.002 -11"><span class='ocrx_word' id='word_1_219' title='bbox 177 2132 293 2180; x_wconf 85' lang='lat' dir='ltr'><strong>aliter</strong></span> <span class='ocrx_word' id='word_1_220' title='bbox 326 2137 566 2189; x_wconf 80' lang='lat' dir='ltr'><strong>aruspicum,</strong></span> <span class='ocrx_word' id='word_1_221' title='bbox 600 2150 798 2189; x_wconf 84' lang='lat' dir='ltr'><strong>augurum,</strong></span> <span class='ocrx_word' id='word_1_222' title='bbox 828 2137 1117 2185; x_wconf 86' lang='lat' dir='ltr'><strong>coniectorum,</strong></span> <span class='ocrx_word' id='word_1_223' title='bbox 1150 2139 1513 2181; x_wconf 85' lang='lat' dir='ltr'><strong>mathematicorum</strong></span> 
     </span>
     <span class='ocr_line' id='line_1_32' title="bbox 175 2204 1513 2258; baseline 0 -12"><span class='ocrx_word' id='word_1_224' title='bbox 175 2206 274 2247; x_wconf 81' lang='lat' dir='ltr'><strong>fides</strong></span> <span class='ocrx_word' id='word_1_225' title='bbox 301 2204 523 2245; x_wconf 79' lang='lat' dir='ltr'><strong>confirmari</strong></span> <span class='ocrx_word' id='word_1_226' title='bbox 550 2208 618 2243; x_wconf 91' lang='lat' dir='ltr'><strong>aut</strong></span> <span class='ocrx_word' id='word_1_227' title='bbox 642 2204 773 2244; x_wconf 85' lang='lat' dir='ltr'><strong>refelli</strong></span> <span class='ocrx_word' id='word_1_228' title='bbox 799 2207 944 2254; x_wconf 84' lang='lat' dir='ltr'><strong>potest,</strong></span> <span class='ocrx_word' id='word_1_229' title='bbox 973 2217 1058 2244; x_wconf 88' lang='lat' dir='ltr'><strong>cum</strong></span> <span class='ocrx_word' id='word_1_230' title='bbox 1100 2206 1152 2244; x_wconf 83' lang='lat' dir='ltr'><strong>sit</strong></span> <span class='ocrx_word' id='word_1_231' title='bbox 1183 2218 1313 2245; x_wconf 83' lang='lat' dir='ltr'><strong>rerum</strong></span> <span class='ocrx_word' id='word_1_232' title='bbox 1338 2207 1513 2258; x_wconf 85' lang='lat' dir='ltr'><strong>ipsarum</strong></span> 
     </span>
     <span class='ocr_line' id='line_1_33' title="bbox 175 2269 1514 2321; baseline 0.001 -11"><span class='ocrx_word' id='word_1_233' title='bbox 175 2271 279 2310; x_wconf 87' lang='lat' dir='ltr'><strong>ratio</strong></span> <span class='ocrx_word' id='word_1_234' title='bbox 312 2270 511 2309; x_wconf 76' lang='lat' dir='ltr'><strong>diversa.“</strong></span> <span class='ocrx_word' id='word_1_235' title='bbox 564 2269 804 2319; x_wconf 78' lang='lat' dir='ltr'><strong>Atqui-eum</strong></span> <span class='ocrx_word' id='word_1_236' title='bbox 838 2271 1068 2320; x_wconf 85' lang='lat' dir='ltr'><strong>generalem</strong></span> <span class='ocrx_word' id='word_1_237' title='bbox 1099 2270 1208 2309; x_wconf 86' lang='lat' dir='ltr'><strong>illam</strong></span> <span class='ocrx_word' id='word_1_238' title='bbox 1241 2273 1514 2321; x_wconf 88' lang='lat' dir='ltr'><strong>quaestionem</strong></span> 
     </span>
     <span class='ocr_line' id='line_1_34' title="bbox 177 2334 1514 2386; baseline 0.002 -11"><span class='ocrx_word' id='word_1_239' title='bbox 177 2335 488 2381; x_wconf 83' lang='lat' dir='ltr'><strong>consideramus,</strong></span> <span class='ocrx_word' id='word_1_240' title='bbox 522 2334 732 2375; x_wconf 77' lang='lat' dir='ltr'><strong>seeundum</strong></span> <span class='ocrx_word' id='word_1_241' title='bbox 757 2334 918 2386; x_wconf 84' lang='lat' dir='ltr'><strong>Epicuri</strong></span> <span class='ocrx_word' id='word_1_242' title='bbox 949 2336 1186 2375; x_wconf 87' lang='lat' dir='ltr'><strong>sententiam</strong></span> <span class='ocrx_word' id='word_1_243' title='bbox 1213 2336 1378 2377; x_wconf 83' lang='lat' dir='ltr'><strong>mundus</strong></span> <span class='ocrx_word' id='word_1_244' title='bbox 1405 2338 1514 2378; x_wconf 85' lang='lat' dir='ltr'><strong>nulla</strong></span> 
     </span>
    </p>
   </div>
   <div class='ocr_carea' id='block_1_9' title="bbox 171 2401 1517 2718">
    <p class='ocr_par' dir='ltr' id='par_1_9' title="bbox 171 2401 1517 2718">
     <span class='ocr_line' id='line_1_35' title="bbox 175 2401 1512 2452; baseline 0.001 -11"><span class='ocrx_word' id='word_1_245' title='bbox 175 2401 426 2451; x_wconf 83' lang='lat' dir='ltr'><strong>providentia</strong></span> <span class='ocrx_word' id='word_1_246' title='bbox 447 2401 613 2452; x_wconf 84' lang='lat' dir='ltr'><strong>regitur;</strong></span> <span class='ocrx_word' id='word_1_247' title='bbox 638 2401 770 2450; x_wconf 87' lang='lat' dir='ltr'><strong>itaque</strong></span> <span class='ocrx_word' id='word_1_248' title='bbox 789 2401 921 2440; x_wconf 84' lang='lat' dir='ltr'><strong>omnia</strong></span> <span class='ocrx_word' id='word_1_249' title='bbox 938 2401 1052 2451; x_wconf 87' lang='lat' dir='ltr'><strong>quasi</strong></span> <span class='ocrx_word' id='word_1_250' title='bbox 1078 2402 1203 2451; x_wconf 87' lang='lat' dir='ltr'><strong>signa,</strong></span> <span class='ocrx_word' id='word_1_251' title='bbox 1231 2402 1372 2452; x_wconf 83' lang='lat' dir='ltr'><strong>quibus</strong></span> <span class='ocrx_word' id='word_1_252' title='bbox 1393 2403 1512 2443; x_wconf 88' lang='lat' dir='ltr'><strong>homi-</strong></span> 
     </span>
     <span class='ocr_line' id='line_1_36' title="bbox 175 2466 1512 2518; baseline 0.001 -10"><span class='ocrx_word' id='word_1_253' title='bbox 175 2479 249 2508; x_wconf 84' lang='lat' dir='ltr'><strong>nes</strong></span> <span class='ocrx_word' id='word_1_254' title='bbox 276 2479 301 2506; x_wconf 85' lang='lat' dir='ltr'><strong>a</strong></span> <span class='ocrx_word' id='word_1_255' title='bbox 326 2466 403 2507; x_wconf 85' lang='lat' dir='ltr'><strong>diis</strong></span> <span class='ocrx_word' id='word_1_256' title='bbox 427 2466 578 2518; x_wconf 88' lang='lat' dir='ltr'><strong>impelli</strong></span> <span class='ocrx_word' id='word_1_257' title='bbox 613 2469 682 2506; x_wconf 84' lang='lat' dir='ltr'><strong>aut</strong></span> <span class='ocrx_word' id='word_1_258' title='bbox 704 2466 867 2506; x_wconf 82' lang='lat' dir='ltr'><strong>retineri</strong></span> <span class='ocrx_word' id='word_1_259' title='bbox 901 2467 1105 2517; x_wconf 85' lang='lat' dir='ltr'><strong>credatur,</strong></span> <span class='ocrx_word' id='word_1_260' title='bbox 1144 2467 1263 2518; x_wconf 84' lang='lat' dir='ltr'><strong>plane</strong></span> <span class='ocrx_word' id='word_1_261' title='bbox 1297 2467 1432 2508; x_wconf 86' lang='lat' dir='ltr'><strong>inania</strong></span> <span class='ocrx_word' id='word_1_262' title='bbox 1465 2482 1512 2510; x_wconf 84' lang='lat' dir='ltr'><strong>ac</strong></span> 
     </span>
     <span class='ocr_line' id='line_1_37' title="bbox 177 2532 1517 2582; baseline 0.002 -10"><span class='ocrx_word' id='word_1_263' title='bbox 177 2533 305 2572; x_wconf 82' lang='lat' dir='ltr'><strong>futilia</strong></span> <span class='ocrx_word' id='word_1_264' title='bbox 348 2544 458 2578; x_wconf 82' lang='lat' dir='ltr'><strong>esse,</strong></span> <span class='ocrx_word' id='word_1_265' title='bbox 507 2532 781 2582; x_wconf 89' lang='lat' dir='ltr'><strong>hominumque</strong></span> <span class='ocrx_word' id='word_1_266' title='bbox 828 2532 1076 2572; x_wconf 80' lang='lat' dir='ltr'><strong>credulorum</strong></span> <span class='ocrx_word' id='word_1_267' title='bbox 1121 2545 1280 2573; x_wconf 81' lang='lat' dir='ltr'><strong>errores</strong></span> <span class='ocrx_word' id='word_1_268' title='bbox 1320 2534 1517 2575; x_wconf 85' lang='lat' dir='ltr'><strong>habenda.</strong></span> 
     </span>
     <span class='ocr_line' id='line_1_38' title="bbox 176 2591 1513 2650; baseline 0.003 -13"><span class='ocrx_word' id='word_1_269' title='bbox 176 2591 440 2646; x_wconf 80' lang='lat' dir='ltr'><strong>Quintilianus</strong></span> <span class='ocrx_word' id='word_1_270' title='bbox 467 2601 600 2638; x_wconf 86' lang='lat' dir='ltr'><strong>autem</strong></span> <span class='ocrx_word' id='word_1_271' title='bbox 632 2600 682 2637; x_wconf 90' lang='lat' dir='ltr'><strong>de</strong></span> <span class='ocrx_word' id='word_1_272' title='bbox 709 2597 898 2649; x_wconf 81' lang='lat' dir='ltr'><strong>regimine</strong></span> <span class='ocrx_word' id='word_1_273' title='bbox 934 2598 1065 2638; x_wconf 88' lang='lat' dir='ltr'><strong>mundi</strong></span> <span class='ocrx_word' id='word_1_274' title='bbox 1099 2598 1219 2650; x_wconf 84' lang='lat' dir='ltr'><strong>longe</strong></span> <span class='ocrx_word' id='word_1_275' title='bbox 1246 2599 1353 2639; x_wconf 82' lang='lat' dir='ltr'><strong>aliud</strong></span> <span class='ocrx_word' id='word_1_276' title='bbox 1381 2602 1513 2642; x_wconf 88' lang='lat' dir='ltr'><strong>sentit.</strong></span> 
     </span>
     <span class='ocr_line' id='line_1_39' title="bbox 171 2662 1511 2718; baseline 0.001 -15"><span class='ocrx_word' id='word_1_277' title='bbox 171 2663 281 2703; x_wconf 74' lang='lat' dir='ltr'><strong>Fieri</strong></span> <span class='ocrx_word' id='word_1_278' title='bbox 304 2662 428 2715; x_wconf 84' lang='lat' dir='ltr'><strong>igitur</strong></span> <span class='ocrx_word' id='word_1_279' title='bbox 449 2675 573 2715; x_wconf 86' lang='lat' dir='ltr'><strong>posse</strong></span> <span class='ocrx_word' id='word_1_280' title='bbox 606 2663 797 2704; x_wconf 76' lang='lat' dir='ltr'><strong>eiusmodi</strong></span> <span class='ocrx_word' id='word_1_281' title='bbox 831 2664 948 2716; x_wconf 85' lang='lat' dir='ltr'><strong>signa</strong></span> <span class='ocrx_word' id='word_1_282' title='bbox 980 2664 1114 2704; x_wconf 84' lang='lat' dir='ltr'><strong>divina</strong></span> <span class='ocrx_word' id='word_1_283' title='bbox 1149 2676 1228 2703; x_wconf 88' lang='lat' dir='ltr'><strong>non</strong></span> <span class='ocrx_word' id='word_1_284' title='bbox 1262 2669 1394 2718; x_wconf 82' lang='lat' dir='ltr'><strong>negat.</strong></span> <span class='ocrx_word' id='word_1_285' title='bbox 1446 2668 1511 2709; x_wconf 79' lang='lat' dir='ltr'><strong>Ad</strong></span> 
     </span>
    </p>
   </div>
   <div class='ocr_carea' id='block_1_10' title="bbox 0 3005 1777 3029">
    <p class='ocr_par' dir='ltr' id='par_1_10' title="bbox 0 3005 1777 3029">
     <span class='ocr_line' id='line_1_40' title="bbox 0 3005 1777 3029; baseline 0 0"><span class='ocrx_word' id='word_1_286' title='bbox 0 3005 1777 3029; x_wconf 95' lang='lat' dir='ltr'><strong> </strong></span> 
     </span>
    </p>
   </div>
  </div>
 </body>
</html>
