1777 3029
884 149 939 190 42

236 270 404 319 plurima
416 271 624 315 vocabula,
641 283 741 320 quae
753 272 803 310 ad
823 271 1039 310 oratoriam
1057 274 1181 309 artem
1191 272 1405 322 pertinent,
1420 283 1444 310 a
1455 270 1577 311 Grae-

235 335 293 375 cis
320 337 480 375 mutuati
503 340 603 376 sunt.
656 337 716 376 De
752 350 831 388 qua
858 350 902 376 re
931 338 982 377 cf.
1009 337 1062 383 11,
1092 338 1152 383 14,
1182 339 1221 377 1:
1254 337 1497 377 Rhetoricen
1535 338 1576 377 in

235 401 418 440 Latinum
445 402 732 441 transferentes
760 406 841 441 tum
869 402 1083 442 oratoriam
1113 406 1194 441 tum
1220 404 1431 442 oratricem
1455 403 1578 442 nomi-

238 472 439 506 naverunt.
496 467 605 513 Quos
643 467 822 518 equidem
862 480 944 506 non
979 467 1243 506 fraudaverim
1276 468 1414 507 debita
1447 465 1578 512 lande}

238 533 343 583 quod
372 533 526 583 copiam
544 532 709 571 Romani
724 533 918 572 sermonis
945 544 1094 582 augere
1107 531 1353 583 temptarint.
1396 533 1477 572 Sed
1497 546 1578 572 non

236 598 368 637 omnia
399 611 473 636 nos
501 597 691 636 ducentes
726 610 777 637 ex
804 597 959 636 Graeco
999 601 1228 647 sequuntur,
1264 598 1367 638 sicut
1401 610 1452 637 ne
1486 598 1578 637 illos

236 662 405 713 quidem,
445 662 630 714 quotiens
658 663 738 703 suis
765 663 900 714 utique
928 663 1063 703 verbis
1091 663 1251 717 signare
1280 668 1418 704 nostra
1443 664 1576 704 volue-

234 729 358 767 runt!¹
416 731 453 777 ξ.
486 729 530 768 4:
569 728 651 772 „Ne
686 740 905 779 pugnemus
935 728 1056 779 igitur
1090 728 1159 778 (de
1188 729 1363 768 oratoria
1395 733 1465 768 aut
1489 742 1576 785 ora-

232 792 350 840 trice)
385 805 471 832 cum
508 794 744 844 praesertim
777 794 955 844 plurimis
990 794 1140 844 alioqui
1178 793 1346 834 Graecis
1381 795 1435 833 sit
1467 798 1576 833 uten-

234 858 336 897 dum.
388 858 487 897 Nam
516 863 626 898 certe
650 862 692 898 et
718 859 982 910 philosophos
1016 862 1056 898 et
1079 860 1251 900 musicos
1286 863 1327 899 et
1352 864 1577 910 geometras

233 924 376 967 dicam,
404 937 478 963 nec
507 925 581 962 vim
609 925 768 963 afferam
793 925 1015 963 nominibus
1040 924 1102 964 his
1128 925 1321 963 indecora
1337 925 1378 963 in
1394 925 1576 965 Latinum

238 1001 458 1028 sermonem
495 991 747 1030 mutatione.“
801 990 852 1029 cf.
893 1002 931 1040 p.
962 990 1032 1029 34:
1083 989 1201 1040 „Mihi
1232 989 1370 1040 placet
1393 989 1577 1030 Latinam

235 1055 432 1094 rationem
458 1056 582 1106 sequi,
609 1068 815 1107 quousque
839 1056 1014 1106 patietur
1044 1056 1202 1095 decor.‘

334 1120 415 1160 Sed
447 1125 599 1160 tantum
634 1122 775 1160 aberat
807 1119 964 1165 Noster,
998 1124 1042 1159 ut
1074 1121 1322 1171 popularium
1356 1132 1576 1160 sermonem

233 1190 525 1232 contemneret,
559 1190 603 1225 ut
630 1186 808 1225 omnibus
844 1187 928 1225 fere
971 1185 1173 1225 vocabulis
1201 1185 1369 1225 Graecis
1394 1186 1576 1225 Latinam

233 1252 348 1301 quasi
372 1252 744 1302 interpretationem
772 1252 977 1290 adiiceret.
1029 1251 1172 1301 Itaque
1199 1263 1329 1301 paene
1355 1252 1573 1290 innumera-

231 1316 378 1356 bilibus
405 1317 507 1356 locis
535 1317 730 1356 eiusmodi
756 1317 864 1355 dicta
885 1315 1200 1366 reperiunturt*)

336 1381 561 1428 Schemata,
595 1381 636 1421 id
671 1387 734 1423 est
767 1382 928 1433 figurae.
956 1382 988 1426 Ι,
1015 1379 1050 1427 8,
1078 1382 1138 1422 16.
1165 1402 1216 1409 --
1243 1381 1508 1436 Glossemata,
1532 1382 1574 1421 id

231 1452 296 1488 est
322 1461 445 1489 voces
464 1449 590 1488 minus
610 1449 794 1488 usitatae.
822 1448 853 1495 I,
881 1448 918 1493 8,
947 1447 1007 1487 15.
1033 1468 1085 1475 —
1110 1447 1397 1498 Interpretatio
1414 1448 1573 1499 linguae

232 1514 473 1560 secretioris,
500 1526 599 1565 quas
625 1515 792 1564 γλώσσας
809 1514 956 1554 Graeci
984 1519 1138 1553 vocant.
1165 1514 1198 1560 I,
1228 1514 1263 1560 1,
1289 1512 1351 1554 35.
1375 1536 1426 1542 —
1451 1513 1575 1554 Plura

229 1580 421 1631 loquendi
454 1592 620 1632 genera,
654 1593 753 1631 quas
790 1579 997 1620 διαλέκτους
1025 1579 1171 1619 Graeci
1208 1584 1366 1620 vocant.
1392 1581 1424 1624 Ι.
1450 1580 1486 1625 5,
1511 1580 1573 1620 29.

229 1668 280 1674 -
307 1645 425 1685 Orbis
447 1646 515 1685 ille
544 1646 766 1692 doctrinae,
800 1658 916 1695 quam
945 1645 1091 1684 Graeci
1125 1643 1297 1696 ἔγκυκλον
1323 1644 1480 1682 παιδείαν
1506 1658 1573 1684 vo-

231 1714 336 1750 cant.
365 1710 397 1755 I,
429 1711 490 1756 10,
520 1712 554 1751 1.
581 1733 632 1740 —
659 1711 852 1762 Corporis
880 1722 1034 1762 quoque
1063 1714 1176 1750 actus
1203 1714 1245 1750 et
1263 1710 1411 1750 decens
1433 1714 1574 1761 motus,

231 1776 297 1826 qui
325 1777 468 1816 dicitur
501 1776 685 1828 εὐρυθμία.
720 1777 751 1824 Ι,
790 1779 848 1824 10,
882 1777 944 1817 26.
969 1798 1021 1804 -
1045 1776 1234 1816 Pleniore
1262 1776 1434 1826 quodam
1460 1788 1575 1822 sono,

230 1842 337 1891 quod
364 1842 507 1881 Graeci
535 1842 876 1893 καταπεπλασμένον
895 1842 1043 1881 dicunt.
1070 1842 1101 1880 I.
1133 1842 1192 1887 11,
1218 1842 1254 1881 6.
1281 1863 1328 1869 —-
1355 1841 1471 1881 Haec
1498 1841 1575 1880 chi-

229 1908 423 1953 ronomia,
453 1920 556 1959 quae
585 1912 658 1953 est,
685 1911 728 1947 ut
754 1908 913 1948 nomine
939 1908 1029 1958 ipso
1060 1907 1301 1953 declaratur,
1335 1907 1402 1947 lex
1427 1910 1574 1958 gestus.

229 1973 263 2019 Ι,
294 1974 353 2019 11,
381 1975 442 2013 17.

331 2039 434 2086 Quin
471 2040 588 2078 etiam
619 2039 785 2079 ulterius
813 2040 1078 2087 Quintilianus
1105 2039 1301 2090 procedit.
1352 2039 1447 2089 Ipse
1474 2039 1576 2078 enim

228 2105 426 2145 vocabula
453 2106 660 2156 quaedam,
689 2100 862 2144 nondum
889 2105 1032 2143 Latine
1060 2117 1190 2155 versa,
1218 2106 1259 2144 in
1285 2104 1467 2143 Latinum
1491 2116 1571 2143 ser-

228 2184 384 2211 monem
417 2172 639 2211 transferre
673 2175 857 2220 conatur,
894 2175 962 2210 aut
992 2171 1195 2211 meliorem
1224 2182 1341 2221 quam
1367 2181 1468 2220 quae
1494 2170 1571 2208 iam

228 2238 340 2276 facta
362 2241 460 2287 erat,
486 2237 710 2277 versionem
730 2237 1000 2286 introducere,
1028 2239 1098 2275 aut
1122 2236 1226 2277 inter
1251 2236 1385 2286 plures
1410 2235 1487 2274 iam
1506 2247 1571 2274 ex-

229 2307 383 2342 stantes
410 2303 598 2353 optimam
624 2306 777 2342 notare.
821 2302 942 2341 Cuius
968 2303 1026 2341 rei
1053 2303 1301 2350 documenta,
1326 2301 1466 2341 eodem
1492 2312 1570 2351 quo

228 2369 346 2407 modo
374 2369 467 2416 dixi,
500 2367 642 2407 ordine
670 2369 843 2406 collecta
865 2369 928 2407 hic
954 2379 1163 2418 apponam.
1174 2367 1237 2416 ²⁸¹⁸)

313 2490 348 2530 ὓ)
373 2490 469 2531 Quae
502 2489 559 2522 hic
589 2490 787 2521 enumerata
813 2490 909 2528 sunt,
947 2499 967 2522 e
996 2488 1104 2531 primo
1137 2491 1269 2521 tautum
1301 2487 1390 2520 libro
1424 2487 1572 2529 apposui

233 2540 385 2572 Plurima
406 2539 563 2573 continet
585 2538 643 2571 lib.
667 2539 744 2572 IX..
1548 2568 1550 2570 .

310 2590 369 2631 st)
388 2590 485 2623 Inter
506 2589 605 2633 primi
627 2589 763 2632 generis
780 2588 986 2623 documenta
1013 2585 1074 2622 eo‘s
1098 2590 1230 2621 tantum
1253 2588 1349 2622 locos
1372 2589 1575 2627 enumeravi,

226 2641 284 2678 ubi
314 2640 452 2677 Graeca
479 2639 647 2676 vocabula
675 2650 743 2672 uno
781 2639 891 2676 solum
918 2640 1048 2676 Latino
1081 2639 1188 2674 verbo
1224 2640 1411 2673 vertuntur.
1465 2638 1575 2674 Omisi
