1777 3029
839 175 844 179 ·
860 150 912 206 38

226 290 334 331 ouius
355 290 522 339 nomine,
550 293 593 328 ut
611 301 688 340 ego
708 288 864 339 quidem
883 287 1026 336 sentio,
1051 290 1164 326 caret
1182 298 1311 326 sermo
1327 281 1565 325 Romanus.“

171 392 175 396 .
223 357 315 405 XII,
346 357 403 412 1⁰2
432 355 502 395 34:
549 354 650 403 „His
677 354 748 393 illa
771 353 1019 404 potentiora,
1059 353 1165 403 quod
1192 365 1258 392 res
1284 351 1474 403 plurimae
1502 362 1564 389 oa-

223 425 313 460 rent
338 420 687 472 appellationibus,
716 424 759 458 ut
785 427 854 459 eas
881 430 1051 458 neeesse
1079 420 1133 459 sit
1158 418 1377 458 transferre
1406 419 1475 456 aut
1492 416 1564 455 cir-

224 488 387 536 eumire3
433 487 553 525 etiam
581 487 619 524 in
648 486 720 534 iis,
750 497 852 535 quae
881 485 1134 526 denominata
1163 489 1270 533 sunt,
1300 494 1447 523 summa
1472 493 1565 532 pau·

223 557 360 602 pertas
390 553 430 589 in
458 552 596 590 eadem
625 564 698 590 nos
727 551 1046 601 frequentissime
1074 553 1266 602 revolvit;
1310 553 1354 587 at
1378 548 1459 590 illis.
1486 559 1566 586 non

222 619 433 656 verborum
452 617 591 661 modo,
620 617 691 655 sed
719 617 938 666 linguarum
966 617 1085 655 etiam
1112 618 1217 656 inter
1241 629 1285 656 se
1305 612 1567 651 differentium

226 683 344 731 copia
372 682 472 722 est.“

325 748 383 785 De
411 747 559 785 maiore
578 748 806 798 proprietate
830 747 976 786 Graeci
1004 747 1196 787 sermonis
1223 748 1315 786 vide
1343 748 1412 797 111,
1440 748 1475 796 6,
1504 746 1566 786 25.

222 815 289 852 26:
333 814 420 851 Duo
449 814 596 851 habere
625 812 806 850 Graecos
833 812 1044 857 voeabula,
1073 813 1212 862 quibus
1240 817 1394 862 tempus
1423 810 1567 862 signifi-

223 882 331 923 cent,
357 877 485 928 χρόνον
513 881 554 917 et
581 876 712 927 καιρόν.
766 877 835 925 IV,
867 878 898 923 1,
930 878 1047 917 1—3:
1083 877 1224 927 „Quod
1251 878 1394 916 Latine
1421 875 1564 928 prinoi-

222 944 325 993 pium
355 944 417 981 vel
445 943 645 981 exordium
676 943 836 990 dicitur,
865 943 1013 981 maiore
1042 945 1208 993 quadam
1236 944 1392 982 ratione
1421 941 1566 980 Graeci

223 1010 406 1047 videntur
430 1007 609 1058 προοίμιον
636 1008 884 1055 nominasse,
929 1008 1019 1057 quia
1047 1021 1071 1046 a
1096 1009 1244 1047 nostris
1271 1008 1421 1046 initium
1443 1006 1565 1045 'modo

224 1074 487 1122 significatur,
522 1073 578 1110 illi
607 1074 705 1111 satis
735 1073 840 1110 clare
869 1061 1021 1122 partem
1048 1074 1149 1112 hanc
1177 1086 1268 1112 esse
1297 1076 1388 1111 ante
1417 1072 1566 1121 ingres-

224 1150 306 1175 sum
334 1138 413 1185 rei,
449 1138 498 1175 de
527 1150 604 1186 qua
631 1138 837 1174 dicendum
865 1138 933 1185 sit,
970 1139 1222 1176 ostenduntf‘
1263 1138 1315 1182 V,
1345 1138 1403 1186 10,
1434 1137 1469 1175 1.
1497 1136 1565 1184 (of.

222 1215 341 1252 supra
370 1215 408 1252 p.
438 1202 517 1253 37.)
571 1202 641 1250 IX,
671 1203 706 1251 2,
742 1203 809 1241 44:
855 1201 1089 1254 ,,Εἰρωνειάν,
1121 1203 1267 1248 inveni,
1296 1203 1360 1253 qui
1388 1202 1566 1240 dissimu·
1610 1236 1617 1243 ,

222 1269 412 1306 lationem
453 1272 663 1317 voca1·(·nt;
710 1281 787 1317 quo
821 1270 977 1306 nomine
1012 1270 1103 1318 quia
1136 1281 1272 1318 parum
1306 1268 1429 1306 totius
1454 1266 1565 1304 huius

224 1334 372 1384 figurae
401 1333 505 1371 vires
535 1333 719 1371 videntur
748 1334 922 1382 ostendi,
961 1334 1138 1372 nimirum
1165 1334 1265 1372 sicut
1297 1334 1337 1387 in
1365 1332 1564 1383 plerisque

224 1400 367 1439 erimus
383 1399 540 1438 Graeca
567 1400 836 1449 appellatione
858 1401 1072 1440 contenti.“
1100 1400 1151 1448 X,
1177 1400 1213 1450 5,
1242 1401 1284 1439 2:
1313 1399 1384 1448 „Id
1399 1396 1564 1436 Messal-

223 1466 286 1503 lae
313 1465 481 1514 placuit,
521 1465 698 1514 (vertere
727 1465 883 1503 Graeca
915 1467 955 1503 in
981 1465 1180 1516 Latinum)
1220 1464 1444 1514 multaeque
1474 1464 1566 1502 sunt

223 1533 274 1570 ab
303 1544 352 1570 eo
379 1532 553 1581 scriptae
582 1531 633 1569 ad
660 1530 762 1568 hunc
790 1531 946 1569 modum
975 1531 1197 1579 orationes,
1243 1531 1347 1569 adeo
1374 1533 1417 1567 ut
1443 1528 1564 1566 etiam

222 1609 308 1635 eum
335 1597 405 1634 illa
433 1595 650 1646 Hyperidis
678 1607 751 1644 pro
778 1596 936 1646 Phryne
965 1597 1197 1635 difficillima
1224 1594 1414 1634 Romanis
1442 1592 1561 1632 subti-

221 1663 335 1701 litate
365 1660 666 1700 contenderet.“

323 1726 516 1764 Facilitate
556 1737 711 1774 quoque
760 1727 953 1765 sermonis
994 1727 1137 1765 Graeci
1181 1726 1348 1765 Latinos
1391 1724 1563 1763 vineunt

221 1793 258 1840 Ι,
296 1793 338 1840 5,
368 1792 436 1830 32:
491 1789 754 1836 Quintilianus
806 1791 1031 1834 „feliciores
1074 1788 1270 1842 fingendis
1317 1790 1561 1830 nominibus“

222 1857 403 1896 Graecos
431 1860 564 1896 vocat,
592 1857 690 1895 Item
717 1857 748 1904 I,
776 1857 813 1901 5,
842 1857 891 1896 72
919 1856 1186 1908 ὁνοματοποιίαν
1210 1857 1378 1896 Latinae
1403 1857 1563 1906 linguae

221 1923 370 1962 adimit.
445 1921 573 1961 Etiam
614 1922 941 1972 compositionem
983 1924 1190 1962 verborum
1224 1924 1351 1974 magis
1385 1922 1564 1962 Graecos

221 1988 379 2032 decere,
406 1988 559 2027 Latinis
589 1989 714 2027 minus
742 1988 981 2037 succedere;
1009 2001 1084 2027 nec
1107 1989 1147 2028 id
1174 1989 1258 2027 fieri
1275 1991 1421 2027 natura
1437 1990 1563 2037 putat,

221 2053 292 2091 sed
321 2053 463 2092 alienis
489 2053 656 2092 Latinos
692 2054 841 2092 favere.
909 2054 1107 2104 „Ideoque
1136 2066 1222 2093 cum
1247 2053 1469 2105 κυρταύχενα
1495 2052 1562 2090 mi·

219 2118 295 2156 rati
323 2118 474 2166 simus‚'
506 2118 853 2158 incurvicervicum
889 2120 955 2157 vix
989 2132 1013 2157 a
1044 2121 1127 2159 risu
1154 2120 1436 2159 defendimus.“
1509 2119 1564 2156 At

219 2184 306 2232 ipse
335 2183 511 2232 dixerat,
551 2184 598 2233 (I,
624 2184 659 2230 5,
686 2184 754 2233 67)
794 2185 890 2222 dure
923 2184 1139 2224 Pacuvium
1176 2186 1376 2226 struxisse·
1419 2185 1563 2231 „Nerei

218 2245 578 2298 repandirostrum‚
604 2249 958 2293 incurvicervicum
986 2257 1144 2301 pecus.“
1200 2252 1343 2302 Itaque
1368 2252 1457 2302 ipse
1482 2263 1563 2290 non

219 2314 459 2363 peregrinae
487 2314 647 2364 linguae
671 2327 805 2355 amore
815 2347 824 2366 ,
861 2317 933 2355 sed
963 2317 1098 2367 inopia
1125 2318 1296 2367 quadam
1324 2321 1365 2356 et
1391 2317 1562 2356 duritate

218 2378 349 2416 Latini
385 2379 577 2418 sermonis
612 2386 829 2420 commotus
864 2386 943 2431 est,
988 2388 1029 2421 ut
1055 2384 1150 2421 illud
1176 2385 1339 2422 verbum
1363 2382 1561 2421 reiiceret,

218 2443 290 2493 111,
317 2445 352 2492 8,
381 2444 449 2484 25:
482 2444 647 2488 ..Melius
674 2446 804 2497 igitur,
833 2448 898 2497 qui
926 2449 1085 2487 tertiam
1110 2453 1264 2499 partem
1292 2449 1479 2488 dixerunt
1504 2448 1560 2485 δυ-

218 2509 334 2553 νατὸν,
362 2511 467 2559 quod
494 2511 622 2549 nostri
649 2513 842 2561 possibile
870 2514 1085 2563 nominant,
1115 2527 1216 2563 quae
1245 2518 1287 2552 ut
1313 2514 1410 2551 dura
1427 2513 1559 2551 videa-

220 2579 285 2612 tur
313 2575 541 2625 appellatio,
569 2582 701 2615 tamen
733 2578 820 2616 sola
847 2582 941 2617 cst·
979 2579 1089 2623 VIII,
1115 2579 1152 2623 3,
1180 2579 1241 2617 30.
1264 2579 1334 2618 312
1367 2578 1560 2629 ¹‚Fingere

220 2639 388 2679 Graecis
418 2642 542 2692 magis
572 2655 802 2682 concessum
831 2649 910 2694 est,
953 2645 1018 2694 qui
1046 2644 1154 2683 sonis
1184 2644 1300 2683 etiam
1328 2641 1560 2696 quibusdam
