1777 3029
217 278 439 322 verborum,
466 284 509 318 ut
534 293 607 330 pro
634 282 847 321 temerario
865 282 1021 325 fortem,
1043 293 1118 332 pro
1142 281 1315 332 prodigo
1341 280 1557 325 liberalem,

218 357 293 395 pro
322 358 443 383 avaro
471 358 632 395 parcum
652 359 859 399 vocemus;
887 358 989 396 quae
1017 347 1159 386 eadem
1186 347 1470 386 ctiam-contra
1492 358 1558 385 va·

217 410 313 458 lent.
375 409 489 456 Quod
521 410 678 460 quidem
711 415 866 456 orator.
911 412 952 449 id
990 415 1053 450 est
1085 412 1144 450 vir
1183 412 1329 456 bonus.
1362 422 1559 460 nunquam

221 474 356 518 faciet,
386 474 459 512 nisi
489 474 593 513 sorte
622 476 817 514 communi
843 476 1013 515 utilitate
1040 472 1242 515 ducetur.⁴‘
1293 477 1350 515 At
1376 477 1463 527 ipse
1489 474 1558 521 XI.

221 541 253 583 1,
294 540 318 578 9
346 539 522 578 dixerat:
564 540 784 588 „Quotiens
824 542 1059 591 pugnabunt
1091 541 1194 591 (scil.
1229 542 1336 591 quod
1368 542 1487 580 decet
1518 544 1561 580 et

219 605 325 654 quod
358 605 551 655 expedit),
586 605 719 645 vincet
751 606 962 647 utilitatem
1002 607 1107 656 quod
1143 607 1301 646 decet.“
1344 606 1406 645 cf.
1428 606 1560 646 >etiam

218 670 479 715 Rosenkranz
508 670 611 720 Syst.
641 672 712 710 der
733 671 985 711 wissensch.
1018 673 1056 719 ἕ.
1084 672 1178 711 669:
1217 672 1300 710 Das
1325 671 1470 710 Wahre
1506 671 1561 710 ist

218 735 306 773 eine
333 735 505 785 positive
524 736 764 786 Bedingung
788 736 861 775 des
880 735 1024 775 Guten.
1077 736 1151 775 Als
1174 736 1345 775 Irrthum
1361 736 1469 775 kann
1494 736 1559 777 die

219 798 414 850 Ncgation
455 801 527 839 des
562 800 735 840 Wahren
768 802 922 840 ethisch
959 801 1175 840 schuldfrci
1211 801 1316 850 sein;
1358 801 1419 845 als
1447 801 1559 851 Liige

221 867 318 904 abor
350 866 404 905 ist
440 866 515 909 sie.
548 866 681 905 indem
715 867 784 906 mit
820 867 908 907 dem
936 866 1122 912 Wahrcn,
1153 865 1337 917 -zugleieh
1370 865 1440 910 mit
1473 865 1561 905 dem

219 932 369 975 Guten.
400 932 441 969 in
468 932 762 982 Widerspruch.
815 932 1032 971 Liccntiam
1066 944 1162 970 vcro
1195 931 1412 970 mentiendi
1443 931 1562 970 etiam

220 998 484 1047 Quintilianus
514 998 621 1036 nullo
650 999 766 1038 modo
795 999 994 1047 defendit;
1028 999 1143 1037 immo
1173 999 1307 1049 gravis
1333 998 1395 1036 vir
1420 998 1561 1037 verita-

220 1067 300 1101 tcm
328 1063 470 1112 diligat
497 1068 538 1102 ct
561 1068 761 1114 sequatur.
815 1064 947 1110 Quare
981 1076 1031 1102 ne
1059 1065 1162 1102 iuret
1185 1064 1358 1113 quidem,
1393 1063 1470 1101 nisi
1494 1063 1561 1100 ubi

218 1140 387 1167 necesse
415 1133 488 1176 est,
523 1129 611 1176 (IX,
648 1130 684 1168 2.
711 1130 778 1169 98:
822 1127 942 1178 „Nam
975 1130 1016 1168 in
1050 1134 1175 1168 totum
1206 1129 1356 1177 iurare,
1385 1129 1462 1168 nisi
1495 1128 1562 1167 ubi

222 1206 390 1244 necesse
425 1199 497 1239 cst.
541 1196 653 1245 gravi
690 1196 775 1235 viro
809 1208 945 1246 parum
979 1195 1223 1245 convenit.“)
1263 1194 1418 1233 scilicet
1457 1193 1563 1243 quod

222 1260 332 1298 leves
367 1264 517 1298 tantum
554 1273 599 1299 ac
628 1262 843 1300 mendaces
878 1262 1056 1299 homines
1090 1260 1194 1299 ultro
1230 1260 1388 1310 prolato
1423 1259 1561 1298 iureiu-

222 1326 348 1364 rando
377 1326 484 1365 dicta
514 1339 585 1365 sua
613 1328 714 1365 tucri
743 1331 947 1366 conantur.

245 1419 248 1421 >
322 1392 437 1430 Bono
473 1393 716 1442 oppositum,
759 1393 913 1432 etiamsi
949 1405 998 1431 ex
1031 1392 1171 1430 eodem
1204 1391 1418 1430 voluntatis
1453 1391 1562 1430 fonte

224 1461 352 1496 ortum
387 1463 449 1497 est
484 1459 634 1497 malum.
671 1456 728 1487 '·-
770 1458 917 1499 Natura
945 1463 1084 1497 nostra
1118 1458 1204 1496 sine
1235 1458 1355 1496 dubio
1389 1457 1440 1495 ad
1467 1456 1565 1500 vitia

223 1523 350 1572 magis
379 1535 492 1573 quam
520 1524 570 1562 ad
597 1525 783 1563 virtutem
816 1524 993 1572 inclinat,
1027 1535 1157 1574 neque
1183 1523 1231 1572 *id
1266 1535 1401 1561 verum
1435 1521 1564 1563 fuerit.

225 1589 329 1637 quod
355 1588 448 1636 ΧΠ,
480 1590 537 1637 11,
568 1590 626 1628 12.
659 1591 706 1629 13
732 1590 890 1639 legitur.
949 1590 1088 1637 „Adeo
1114 1590 1272 1633 discere
1299 1588 1567 1627 melioravo·

225 1655 399 1693 lentibus
427 1659 650 1704 promptum
678 1659 759 1705 est,
787 1664 831 1694 ut
856 1667 952 1694 vere
982 1655 1151 1693 intuenti
1185 1654 1322 1693 mirum
1349 1653 1403 1692 sit
1441 1653 1566 1703 magis

225 1720 333 1764 illud,
363 1720 488 1759 malos
521 1732 613 1760 csse
640 1724 719 1759 tam
754 1721 911 1760 multos.
965 1718 1058 1759 Nam
1093 1726 1135 1764 ut
1161 1732 1264 1771 aqua
1290 1719 1486 1770 piscibus,
1523 1722 1568 1756 ut

225 1787 332 1825 sicca
358 1786 541 1832 terrenis,
576 1787 835 1826 circumfusus
870 1787 985 1825 nobis
1021 1786 1181 1836 spiritus
1214 1785 1441 1824 volucribus
1474 1796 1567 1823 con·

225 1852 352 1890 venit:
380 1852 437 1889 ita
464 1856 574 1889 certo
601 1853 757 1892 facilius
785 1865 876 1892 esse
904 1852 1121 1902 oportebat
1148 1851 1363 1890 secundum
1389 1854 1568 1889 naturam

226 1929 340 1966 quam
368 1921 508 1956 contra
535 1930 623 1957 cam
650 1918 823 1958 vivere.“
867 1940 910 1946 --
952 1918 1078 1957 Malus
1105 1916 1221 1956 homo
1252 1915 1394 1955 mutari
1431 1918 1571 1965 potest

226 1983 265 2020 in
293 1984 450 2026 bonum.
491 1985 565 2023 nisi
592 1997 760 2034 semper,
803 1985 961 2034 saepius
987 1988 1134 2023 tamen.
1188 1982 1280 2031 XII,
1311 1984 1344 2030 1,
1371 1982 1445 2022 422·
1480 1981 1569 2029 „Ad

226 2048 302 2086 hoc
331 2060 446 2086 nemo
481 2049 691 2098 dubitabit,
731 2051 835 2099 quin,
878 2050 911 2089 si
949 2052 1143 2087 nocentes
1179 2048 1321 2086 mutari
1353 2047 1571 2093 ingbonam

227 2118 395 2152 mentem
428 2115 560 2165 aliquo
587 2115 706 2154 modo
734 2116 902 2166 possint,
928 2115 1030 2155 sicut
1056 2126 1178 2165 posse
1205 2113 1403 2153 interdum
1419 2124 1569 2151 conce·

229 2180 344 2227 ditur,
374 2180 507 2218 salvos
537 2193 627 2223 csse
656 2182 784 2231 magis
813 2193 834 2219 e
862 2193 906 2219 rc
935 2180 1095 2230 publica
1124 2180 1176 2217 sit
1194 2191 1309 2228 quum
1328 2178 1495 2228 puniri.“
1526 2197 1570 2204 ——

229 2245 288 2284 De
316 2246 564 2296 poenitentia
593 2250 634 2284 ct
662 2246 711 2285 de
740 2258 881 2297 poena,
911 2246 1051 2296 quibus
1069 2244 1211 2284 malum
1233 2244 1402 2289 deletur,
1429 2247 1575 2293 postea

230 2312 370 2350 dicam.

328 2378 411 2416 Iam
439 2381 687 2417 transcamus
717 2378 767 2417 ad
807 2378 1080 2429 quaestionem
1108 2377 1157 2415 dc
1185 2388 1327 2414 summo
1354 2374 1457 2414 bono.
1486 2373 1576 2422 Qua

228 2443 267 2482 in
303 2455 347 2481 re
375 2444 591 2482 identidem
633 2457 719 2484 cum
745 2446 794 2484 iis
823 2449 987 2495 pugnat,
1031 2444 1096 2493 qui
1131 2455 1316 2482 summum
1350 2443 1494 2482 bonum
1529 2441 1574 2479 vin

229 2510 436 2559 voluptate
465 2512 680 2559 ponebant..
729 2510 779 2559 V,
809 2512 867 2558 11,
896 2510 966 2549 35:
995 2508 1093 2557 „Cui
1119 2508 1178 2546 rei
1200 2507 1388 2546 facillime
1404 2506 1576 2545 occurrit

231 2588 283 2614 ex
309 2575 565 2614 dissimilibus
594 2576 904 2625 argumentatio:
933 2573 1017 2613 Non
1043 2574 1150 2612 idem
1176 2577 1240 2611 est
1266 2573 1464 2611 dominum
1490 2585 1576 2612 cum

232 2640 378 2684 ancilla
414 2640 563 2689 coisse,
603 2640 708 2691 quod
742 2640 934 2680 dominam
972 2652 1056 2678 cum
1092 2646 1228 2689 serv-03
1263 2649 1354 2688 nec,
1390 2638 1424 2678 si
1458 2638 1574 2678 mutis
