1777 3029
863 216 915 258 43

320 335 355 377 1.
406 332 581 379 Tenores
613 338 729 390 (quos
758 338 911 391 quidem
948 338 1000 378 ab
1027 337 1199 389 antiquis
1230 336 1361 377 dictos
1388 341 1552 378 tonores

217 402 411 453 comperi,
452 402 639 444 videlicet
672 404 874 445 declinato
907 417 932 445 a
957 404 1124 445 Graecis
1158 404 1303 449 verbo.
1338 403 1404 454 qui
1432 402 1554 445 τόνους

217 467 370 519 dicunt)
395 467 461 507 vel
486 475 663 513 accentus,
689 482 788 521 quas
816 470 961 510 Graeci
987 469 1189 522 προσῳδίας
1211 473 1367 509 vocant.
1395 468 1426 517 I,
1440 469 1476 518 5,
1491 469 1550 508 22.

216 533 269 575 cf.
296 532 388 583 XII,
417 534 475 583 10,
503 534 565 575 33.
590 555 642 562 -
670 534 877 590 Comple‘ctb
904 547 1021 586 quam
1047 531 1239 590 συνᾳίρέσιν
1266 539 1308 575 et
1333 534 1550 586 συναλοιφὴν

216 599 362 639 Graeci
378 589 535 640 vocant.
558 600 590 649 Ι,
616 600 742 649 5,217.
769 620 819 628 ·—
850 600 975 640 Civilis
991 601 1050 639 vir
1067 612 1181 651 quem
1199 599 1375 639 πολιτικὸν
1389 604 1548 639 vocant.

215 664 281 704 Pr.
311 664 371 704 10.
399 664 457 705 11.
485 664 516 715 Ι,
545 666 605 715 10,
635 665 693 705 15.
720 688 770 694 —
793 662 964 712 Κεῖσθαι,
993 666 1100 716 quod
1126 670 1189 705 est
1214 665 1451 718 compositum
1477 679 1551 704 esse

216 729 373 781 quodam
398 730 517 770 modo.
544 731 614 781 III,
642 732 677 780 6,
704 724 768 770 24.
800 753 851 759 ——
883 732 1166 781 Argumentum
1190 744 1239 770 ex
1264 733 1550 781 circumstantia,

218 795 311 846 quia
335 794 531 846 περίστασιν
558 795 674 834 aliter
699 797 834 835 dicere
862 807 942 834 non
968 807 1190 845 possumus.
1219 796 1268 845 V,
1301 797 1361 845 10,
1391 798 1475 836 104.
1503 819 1553 825 ——

217 862 460 915 Argumenta
484 860 670 911 efictione,
696 860 801 912 quod
829 860 975 898 Graeci
1001 857 1078 898 καθ’
1108 859 1294 899 ὑπόθεσειν
1320 866 1476 900 vocant.
1500 863 1548 910 V,

219 927 278 975 10,
292 925 353 965 95.
381 948 430 953 —-
457 925 596 964 Oratio
623 925 896 976 ἀσχημάτιστος,
923 925 964 964 id
991 929 1054 964 est
1080 938 1220 965 carens
1246 926 1393 976 figuris,
1421 929 1549 968 oratio

218 989 511 1041 ἐσχηματισμένη,
538 990 580 1028 id
607 994 670 1029 est
693 990 868 1042 fiqurata.
898 990 966 1035 ΙΧ,
996 991 1030 1035 1,
1060 991 1113 1028 13.
1142 990 1192 1029 cf.
1216 990 1288 1036 IX,
1310 993 1403 1037 1‚9:
1431 991 1553 1038 „Tam

218 1056 321 1094 enim
333 1047 535 1095 translatis
551 1056 683 1096 verbis
699 1068 813 1106 quam
829 1056 1001 1106 propriis
1029 1055 1280 1105 figuratur
1306 1059 1477 1098 oratio.“
1504 1081 1552 1087 —

217 1122 423 1171 „Ideoque
459 1120 874 1171 illasiprobationes)
906 1121 1095 1171 ἀτέχνους,
1130 1121 1170 1159 id
1205 1126 1269 1160 est
1293 1123 1554 1174 inartificiales,

220 1190 474 1224 vocaverunt.
502 1186 550 1232 V.
572 1187 605 1230 1,
628 1187 660 1224 1.
698 1186 748 1225 ef.
777 1186 827 1232 V,
846 1187 880 1228 5.
899 1187 935 1224 2.
963 1208 1011 1213 -——
1040 1186 1145 1225 Usus
1171 1186 1328 1235 quidam
1353 1189 1552 1228 &rationa-

217 1251 273 1300 lie,
302 1263 417 1301 quem
445 1251 588 1290 Graeci
611 1249 742 1301 ἄλογον
768 1251 885 1302 τριβὴν
914 1255 1068 1290 vocant.
1096 1250 1144 1295 X,
1174 1251 1210 1296 7,
1239 1252 1297 1290 11.
1329 1274 1371 1279 -
1393 1253 1469 1293 His
1488 1255 1554 1292 tri-

220 1317 293 1354 bus
331 1317 516 1354 narrandi
552 1316 762 1354 virtutibus
802 1316 995 1367 'adiiciunt
1033 1316 1192 1365 quidam
1230 1317 1552 1367 maqnnficenteam,

221 1393 333 1431 quam
375 1380 679 1433 μεγαλοπρέπειαν
715 1385 872 1420 vocant.
947 1381 1016 1427 1V,
1035 1381 1076 1427 2,
1103 1381 1165 1419 61.
1200 1380 1250 1420 cf.
1277 1380 1326 1423 X.
1355 1382 1388 1427 1,
1413 1383 1475 1422 61.
1502 1405 1553 1412 —-

219 1446 449 1492 Promissam,
477 1459 580 1497 quae
607 1447 803 1497 epicoena
827 1448 1020 1486 dicuntur.
1049 1446 1081 1492 I,
1107 1446 1143 1489 4,
1169 1446 1230 1485 24.
1250 1443 1555 1500 -Ἀναστρνιφῂ

219 1513 376 1551 reversio
404 1513 608 1563 quaedam.
660 1513 770 1558 VIII,
792 1513 826 1557 6,
860 1512 921 1561 65,
950 1533 1000 1540 --
1033 1512 1149 1551 Plato
1177 1513 1216 1550 in
1245 1511 1431 1562 Sophiste
1458 1513 1553 1552 iudi·

218 1578 309 1618 ciali
343 1583 384 1618 et
416 1578 629 1618 contionali
663 1577 766 1628 (scil.
801 1578 906 1629 parti
937 1578 1173 1627 rhetorices)
1220 1578 1377 1617 tertiam
1410 1579 1556 1619 adiecit

218 1644 525 1695 προσομιλητικὴν,
554 1656 667 1694 quam
694 1656 792 1683 sane
819 1644 1090 1693 permittamus
1117 1645 1233 1683 nobis
1261 1645 1396 1683 dicere
1421 1658 1554 1684 sermo·

218 1710 439 1749 cinatricem.
478 1709 550 1755 ΙΙΙ,
589 1711 627 1753 4,
668 1709 727 1749 10.
759 1731 811 1736 —
849 1707 1054 1760 Μετάληψις
1094 1709 1136 1747 id
1178 1713 1240 1748 est
1279 1712 1554 1762 transsumptio.

218 1775 330 1821 VIII,
357 1775 391 1821 6,
417 1775 478 1814 37.
511 1796 558 1803 -
590 1774 815 1824 Praecepta
849 1786 949 1824 quae
983 1773 1157 1812 καθολικὰ
1189 1775 1389 1821 vocitant,
1423 1775 1466 1814 id
1492 1779 1556 1815 est

218 1839 279 1891 (ut
304 1840 479 1879 dicamus
507 1840 702 1890 quomodo
728 1833 956 1890 possumus)
982 1840 1209 1878 universalia
1238 1840 1299 1878 vel
1312 1841 1554 1892 perpetualia.

216 1905 269 1950 ΙΙ,
297 1905 356 1951 13,
385 1905 444 1945 14.
479 1926 530 1932 -
563 1904 661 1944 Sola
685 1910 764 1951 est,
792 1916 893 1955 quae
916 1905 1049 1944 notari
1076 1905 1206 1954 possit
1232 1905 1340 1944 velut
1365 1906 1553 1952 vocalitas,

218 1982 318 2020 quae
345 1970 502 2022 εὖφωνία
528 1971 683 2011 dicitur.
708 1970 741 2016 I,
765 1970 800 2017 5,
826 1970 888 2010 24.

318 2086 354 2127 2.
406 2087 439 2131 Ι,
452 2085 491 2131 4,
507 2086 573 2125 182
599 2085 792 2131 „Veteres
811 2085 926 2131 enim,
953 2098 1117 2136 quorum
1135 2086 1293 2125 fuerunt
1310 2086 1554 2125 Aristoteles

217 2163 372 2203 quoque
401 2156 520 2202 atque
547 2149 817 2197 Theodectes,
846 2151 972 2205 *verba
1006 2139 1124 2190 modo
1151 2156 1193 2190 et
1218 2151 1378 2191 nomina
1404 2155 1446 2190 et
1470 2164 1553 2189 con-

215 2218 412 2256 vinctiones
437 2217 685 2255 tradiderunt
693 2230 703 2266 ;
729 2216 923 2255 videlicet
951 2217 1058 2266 quod
1081 2216 1123 2254 in
1149 2217 1282 2256 verbis
1309 2217 1385 2255 vim
1404 2228 1552 2254 sermo-

215 2282 290 2329 nis,
315 2282 354 2321 in
382 2282 601 2322 nominibus
628 2282 841 2327 materiam,
869 2281 976 2332 (quia
1000 2282 1168 2321 alterum
1195 2285 1268 2328 est,
1296 2282 1403 2331 quod
1427 2281 1553 2331 loqui-

216 2360 310 2393 mur,
330 2347 497 2387 alterum
516 2347 566 2386 de
583 2359 660 2398 quo
678 2345 902 2398 loquimur,)
919 2346 960 2385 in
978 2347 1289 2386 convinctionibus
1302 2351 1433 2386 autem
1450 2359 1553 2386 com·

216 2413 375 2463 plexum
389 2424 525 2451 eorum
533 2423 624 2451 esse
638 2412 925 2462 iudicaverunt3
946 2424 1044 2461 quas
1063 2412 1360 2450 coniunctiones
1376 2424 1400 2450 a
1413 2412 1554 2462 pleris-

217 2491 293 2529 que
302 2478 381 2518 dici
396 2478 491 2528 scio,
506 2479 576 2519 sed
584 2479 683 2518 haec
691 2478 847 2518 videtur
856 2490 907 2517 ex
921 2477 1107 2529 συνδέσμῳ
1117 2478 1242 2529 magis
1251 2478 1417 2529 propria
1426 2482 1553 2519 trans-

149 2616 151 2619 *
215 2606 292 2639 illos
314 2606 423 2646 locos,
445 2607 502 2639 ubi
526 2606 773 2648 Quintilianus,
803 2606 970 2640 Graecam
1010 2616 1128 2639 vocem
1161 2607 1392 2651 compluribus
1415 2607 1551 2640 Latinis

216 2657 475 2696 circumscribit,
523 2658 615 2689 velut
642 2657 702 2695 IX,
730 2657 760 2695 3,
799 2657 857 2690 ⁶8:
897 2657 982 2695 „Cui
1015 2658 1160 2689 confinis
1193 2661 1248 2689 est
1301 2650 1553 2691 ἀντανάκλασῑς

216 2705 366 2739 eiusdem
389 2706 486 2739 verbi
508 2706 682 2739 contraria
701 2706 939 2749 significatio.¹‘
1518 2718 1521 2720 ’
