1777 3029
887 151 944 193 22

240 271 337 313 tio.“
390 271 483 326 XII,
514 276 573 321 ll,
600 272 670 313 29:
706 273 872 325 „Neque
899 277 988 313 erat
1014 272 1176 313 difficile
1203 271 1265 312 vel
1292 269 1495 312 veteribus
1510 269 1587 310 vel>

241 340 357 379 novis
386 341 579 391 exemplis
613 340 744 391 palam
779 340 932 386 facere,
959 352 1040 379 non
1073 339 1231 379 aliunde
1259 340 1390 389 (quam
1416 350 1469 378 ex
1496 335 1581 378 elo·

243 404 422 456 quentia)
456 406 629 445 maiores
663 417 784 456 opesy
820 406 1012 454 honores,
1040 405 1234 445 amicitias
1247 434 1257 454 ‚
1284 404 1453 444 laudem·
1466 414 1580 454 prae-

242 474 405 518 sentem,
435 470 607 509 suturam
623 470 846 510 homiuibus
864 470 1099 521 contigisse:
1125 470 1203 510 nisi
1219 470 1419 521 indignum
1436 468 1589 509 litteris

242 519 389 638 esset!
404 536 455 573 ab
492 547 617 586 opere
651 535 936 585 pulcherrimo,
971 536 1081 576 cuius
1115 538 1309 575 tractatus
1343 538 1462 586 atque
1491 534 1587 585 ipsa.

241 612 337 649 poss
365 600 448 639 ssio
475 600 742 650 plenissimam
762 600 904 639 studiis
922 601 1091 650 gratiam
1110 601 1246 649 refert,
1272 601 1374 639 hanc
1392 600 1582 643 minorem

241 666 403 714 exigere
430 665 665 715 mercedem,
691 676 800 703 more
829 676 975 714 eorum,
1004 665 1069 714 qui
1094 677 1119 703 a
1146 676 1298 704 senon
1316 664 1482 704 virtutes
1509 665 1580 704 sed

241 730 504 780 voluptatem,
541 742 645 780 quae
678 729 721 768 fit
754 741 805 768 ex
840 730 1066 779 virtutibus,
1093 731 1175 780 peti
1206 730 1379 770 dicunt.“
1444 730 1582 770 Finem

240 795 359 845 igitur
384 796 506 834 virtus
528 796 706 835 continet
732 795 771 834 in
800 807 845 835 se
872 795 975 845 ipsa.

341 862 376 899 A
411 866 553 900 natura
585 862 673 911 ipsa
707 860 832 912 geniti
866 872 997 899 sumus
1040 860 1095 898 ad
1129 860 1330 909 virtutem,
1378 864 1421 899 et
1454 861 1581 911 magis

241 927 375 965 mirum
403 932 477 976 est,
506 927 611 976 quod
634 930 715 964 tam
742 925 851 964 multi
879 930 1018 964 contra
1036 929 1214 964 naturam
1234 938 1349 975 quam
1368 925 1582 964 secundum

240 996 419 1030 naturam
445 992 580 1030 vivere
607 991 767 1029 malunt.
821 990 912 1040 XII,
942 992 1001 1040 11,
1031 991 1089 1030 12.
1127 991 1185 1030 13.
1200 989 1293 1041 (loc.
1328 1003 1367 1040 p.
1385 989 1581 1042 20citat.)

240 1060 369 1107 Atque
405 1058 479 1096 nisi
510 1057 589 1094 hoc
623 1069 698 1094 nos
734 1060 972 1101 commovet.
1007 1060 1049 1093 ut
1081 1056 1263 1095 virtutem
1291 1069 1516 1106 sequamur,
1540 1055 1582 1093 id

242 1122 381 1169 saltem
409 1126 646 1172 spectemus,
674 1122 781 1170 quod
805 1121 948 1160 virtute
976 1121 1028 1159 ad
1056 1121 1154 1159 deos
1180 1122 1387 1160 efferimur.
1438 1120 1530 1170 XII,
1545 1121 1580 1169 2,

240 1189 284 1227 2:
311 1187 472 1236 „Vin-tus
502 1199 580 1237 qua
606 1187 701 1225 nihil
727 1187 884 1232 homini,
913 1199 989 1236 quo
1016 1187 1068 1225 ad
1096 1186 1195 1225 deos
1223 1187 1464 1226 immortales
1493 1199 1581 1236 pro-

242 1253 329 1302 pius
357 1253 583 1298 accederet,
612 1252 744 1291 datum
773 1253 874 1291 est.“

342 1317 463 1367 Atqui
502 1317 699 1355 hominum
733 1317 1071 1355 innumerabilium
1097 1317 1384 1356 multitudinem
1412 1328 1498 1355 cum
1524 1317 1579 1355 in·

225 1366 402 1429 tuemur,
434 1388 534 1433 quot
554 1382 660 1421 inter
685 1386 766 1421 tam
795 1383 916 1423 multa
934 1383 1042 1422 milia
1060 1383 1188 1422 bonos
1208 1395 1299 1422 esse
1318 1382 1581 1422 arbitramur?

239 1446 376 1486 Nonne
412 1452 453 1486 et
484 1448 733 1498 antiquorum
767 1449 990 1498 sapientum
1023 1449 1218 1495 nonnulli,
1252 1452 1294 1488 et
1316 1447 1583 1487 recentiorum

239 1513 422 1563 permulti
455 1513 648 1552 hominem
688 1517 829 1552 natura
851 1513 942 1564 ipsa
966 1514 1110 1553 malum
1136 1526 1229 1553 esse
1254 1524 1480 1563 mei-amque
1506 1512 1581 1551 vir-

238 1583 361 1617 tutem
388 1590 584 1628 nunquam
611 1578 842 1627 adepturum
870 1590 962 1618 esse
985 1580 1070 1618 iure
1096 1580 1354 1618 confirmasse
1372 1578 1582 1617 videntur?

239 1643 320 1681 Sed
348 1643 485 1681 mirum
512 1647 633 1691 esset,
662 1643 768 1692 quod
796 1646 938 1682 natura
955 1643 1138 1683 virtutem
1157 1656 1232 1683 nos
1251 1645 1451 1694 posceret,
1475 1642 1580 1693 ipsa·

240 1721 315 1759 que
343 1721 418 1748 nos
445 1708 676 1759 impediret,
703 1709 907 1758 quominus
943 1721 1028 1748 eam
1064 1721 1407 1760 consequeremur.
1451 1708 1581 1756 Quare

239 1774 505 1821 Quintilianus
539 1774 644 1813 haud
676 1774 835 1823 iniuria,
865 1774 1024 1825 opinor:
1051 1773 1169 1823 „Nam
1197 1774 1232 1813 si
1257 1780 1417 1825 natura,
1441 1775 1581 1825 inquit,

238 1852 319 1879 non
347 1840 534 1890 prohibet
560 1843 601 1878 et
628 1850 719 1878 esse
746 1840 870 1878 virum
897 1840 1040 1879 bonum
1066 1844 1108 1878 et
1125 1852 1217 1880 esse
1234 1839 1394 1879 dicendi
1415 1841 1582 1890 peritum

239 1917 308 1943 cur
342 1917 422 1943 non
458 1904 601 1954 aliquis
634 1905 754 1943 etiam
788 1918 887 1944 unus
920 1909 1126 1954 utramque
1170 1905 1361 1956 consequi
1399 1906 1581 1955 possit?“

237 1967 326 2017 XII,
356 1970 388 2016 1,
416 1970 477 2009 31.
534 1968 778 2020 Quamquam
805 1970 881 2009 iter
906 1970 958 2008 ad
982 1970 1167 2009 virtutem
1193 1982 1267 2009 nos
1283 1970 1434 2009 ducens
1452 1981 1580 2019 neque

238 2036 359 2073 breve
393 2046 522 2084 neque
548 2034 708 2085 planum
736 2038 816 2079 est,
843 2035 915 2074 scd
942 2034 1051 2074 firma
1076 2034 1280 2074 voluntate
1306 2035 1486 2085 rectique
1511 2035 1578 2073 im-

235 2104 345 2138 mota
374 2100 560 2149 cupidine
588 2100 702 2139 nobis
731 2111 831 2149 opus
859 2103 939 2143 est.
972 2103 1015 2137 ut
1041 2099 1244 2138 obstantia
1266 2099 1366 2138 vitia
1390 2099 1576 2139 deti-uda·
1608 2110 1636 2144 ,·
1676 2100 1679 2101 ’

237 2177 320 2205 mus
371 2165 554 2216 viamque
602 2165 732 2209 multis
778 2164 1068 2216 impedimentis
1120 2165 1296 2205 clausam
1342 2165 1579 2217 aperiamus.

235 2230 329 2275 XII,
359 2232 419 2280 11,
449 2232 507 2270 11.
538 2231 603 2269 12:
638 2229 759 2279 „Nam
790 2230 832 2268 id
866 2230 973 2279 quod
1006 2230 1114 2280 prius
1142 2231 1327 2281 quodque
1354 2231 1479 2271 maius
1507 2235 1581 2276 est,

236 2300 279 2333 ut
316 2293 408 2334 boni
443 2296 515 2334 viri
549 2295 687 2343 simus,
727 2294 933 2334 voluntate
962 2295 1126 2346 maxime
1150 2299 1331 2344 constat,
1371 2308 1486 2346 quam
1513 2295 1591 2345 qui>

237 2372 332 2398 vera
364 2360 442 2399 fide
479 2360 667 2410 iuduerit,
702 2359 822 2398 facile
855 2360 1036 2408 easdem,
1075 2372 1176 2409 quae
1204 2360 1395 2400 >virtutem
1419 2360 1581 2405 docent,

237 2429 346 2463 artes
379 2425 562 2476 accipiet.
615 2423 749 2476 Neque
784 2424 888 2464 enim
925 2430 993 2463 aut
1026 2431 1107 2464 tam
1142 2425 1354 2476 perplexa,
1399 2429 1469 2464 aut
1499 2429 1579 2465 tam

237 2502 447 2529 numerosa
468 2494 570 2539 sunt,
590 2502 691 2540 quae
710 2496 953 2540 promuntur,
977 2495 1019 2529 ut
1037 2503 1117 2529 non
1135 2502 1350 2541 paucorum
1368 2490 1578 2529 admodum

236 2566 425 2592 annorum
458 2554 683 2593 intentione
699 2555 914 2593 discantur.
957 2554 1137 2604 Longam
1164 2555 1268 2593 enim
1295 2555 1394 2594 facit
1415 2567 1579 2605 operam

238 2620 344 2670 quod
382 2632 666 2671 1·epugnamus;
719 2620 849 2660 brevis
896 2624 958 2660 est
998 2620 1192 2661 institutio
1239 2620 1344 2659 vitae
1385 2620 1607 2661 honestae?
