1777 3029
851 208 905 251 89
923 235 926 239 .

212 332 254 367 et
285 328 491 368 affectibus
524 342 604 376 non
640 330 919 383 dubitaverunt
953 332 1113 370 nomina
1149 333 1310 381 aptare,
1352 341 1433 368 non
1466 330 1545 369 alia

202 393 411 446 libertate,
438 407 555 446 quam
582 407 659 445 qua
684 395 742 434 illi
769 397 882 446 primi
907 396 1083 436 homines
1106 397 1225 435 rebus
1253 394 1544 446 appellationes

210 457 418 500 dederunt.
449 458 587 499 Nostri
614 463 744 500 autem
767 462 809 501 in
833 460 1031 513 iungendo
1059 465 1127 501 aut
1146 462 1187 500 in
1215 460 1434 500 derivando
1453 473 1543 511 pau-

207 525 287 563 lum
313 525 461 575 aliquid
484 526 569 564 ausi
588 525 654 564 vix
677 527 718 565 in
736 528 811 566 hoc
831 528 930 567 satis
948 527 1223 578 recipiuntur.'¹
1255 527 1304 565 cf.
1326 526 1360 578 Ξ.
1379 527 1542 566 31-37,

208 589 322 634 VIII,
348 590 385 634 6,
412 591 480 630 31:
528 587 817 641 »Ὀνοματο-ποιῖα
859 593 1033 644 quidem,
1072 592 1114 630 id
1140 595 1205 630 est
1227 591 1336 630 fictio
1363 591 1543 635 nominis,

209 653 375 694 Graecis
402 656 505 694 inter
528 657 715 696 maximas
742 658 879 696 habita
904 658 1084 702 virtutes,
1121 657 1234 695 nobis
1258 657 1325 694 vix
1351 656 1542 706 permitti·

207 723 305 759 tur.“
361 720 411 759 cf.
441 719 474 771 Ξ.
502 722 664 760 31—33.
693 722 801 768 VIII,
829 722 865 766 6,
893 722 963 760 37:
1011 721 1227 771 ‚Superest
1249 734 1299 760 ex
1325 721 1405 765 his,
1441 732 1542 770 quae

208 785 324 825 aliter
350 786 591 836 significant,
633 787 843 837 μετάληψις,
886 787 928 825 id
954 790 1016 826 est
1040 786 1320 837 transumptio,
1366 798 1468 837 quae
1491 798 1541 825 ex

207 850 288 889 alio
314 854 434 901 tropo
460 851 500 889 in
541 848 654 889 alium
682 852 792 890 velut
818 852 918 890 viam
947 855 1152 902 praestat3
1185 855 1225 890 et
1249 852 1472 892 rarissimus
1502 855 1543 889 et

206 916 370 955 maxime
397 916 633 967 improprius
658 916 825 956 Graccis
860 920 990 956 tamen
1017 916 1284 967 frequentior,
1326 916 1390 967 qui
1419 915 1540 963 „Oen-

205 985 377 1020 taurum'¹
423 982 598 1021 Chirona
622 986 664 1020 et
706 994 895 1027 „saxosas
922 983 1095 1022 insulas·
1125 982 1252 1033 νήσους
1277 982 1367 1023 θοὰς
1393 982 1539 1021 dicunt.

204 1046 289 1086 Nos
317 1047 403 1097 quis
430 1047 554 1092 ferat,
597 1048 632 1087 si
655 1048 820 1086 Verrem
853 1052 1005 1091 ..suem‘¹
1037 1051 1104 1087 aut
1128 1047 1304 1087 Laelium
1335 1047 1541 1092 „doctum“

204 1112 493 1153 nominemus?
548 1109 615 1158 IX,
645 1113 677 1157 1,
704 1112 772 1152 22:
804 1111 909 1159 „Sed
936 1104 1156 1163 antequam,
1185 1125 1286 1163 quae
1313 1112 1454 1163 cuique
1480 1112 1540 1151 rei

203 1177 330 1227 figura
358 1178 583 1223 conveniat,
611 1179 800 1217 ostendo:
842 1178 1051 1217 dicendum
1078 1182 1158 1223 est,
1196 1190 1444 1228 nequaquam
1472 1189 1566 1215 eaS=

205 1254 296 1282 esse
321 1247 401 1281 tam
426 1243 581 1289 multas,
611 1255 727 1294 quam
755 1244 834 1283 siut
856 1256 879 1282 a
906 1243 1137 1294 quibusdam
1165 1243 1418 1283 constitutae.
1462 1242 1539 1281 Ne·

205 1320 280 1358 que
315 1308 418 1346 enim
450 1321 510 1347 me
550 1313 710 1348 movent
744 1310 904 1348 nomina
931 1310 1024 1354 illa,
1071 1321 1173 1359 quae
1211 1309 1364 1357 fingere
1403 1308 1538 1357 utique

203 1372 369 1413 Graecis
396 1374 729 1425 promptissimum
755 1378 851 1415 est.‘¹
882 1374 934 1419 X,
962 1375 996 1421 1,
1026 1375 1120 1414 107:
1150 1373 1331 1420 ‚Salibus
1361 1377 1469 1413 certe
1498 1377 1539 1412 et

204 1440 566 1486 commiseratione,
608 1441 673 1491 qui
700 1441 779 1480 duo
807 1441 1009 1491 plurimum
1036 1440 1202 1479 affectus
1224 1439 1379 1483 valent,
1416 1438 1537 1477 vinci-

201 1517 297 1545 mus.
325 1504 633 1556 (Comparantur
664 1505 740 1544 hoc
765 1506 856 1544 loco
885 1505 1027 1544 Cicero
1055 1509 1096 1543 et
1120 1504 1440 1555 Demosthenes..)
1487 1503 1539 1541 Et

201 1570 375 1610 fortasse
403 1571 585 1621 epilogos
611 1570 669 1609 illi
696 1571 985 1622 (Demostheni)
1012 1583 1097 1610 mos
1122 1570 1292 1610 civitatis
1311 1569 1537 1616 abstulerim

202 1636 273 1675 sed
300 1640 341 1674 et
366 1636 482 1675 nobis
509 1636 591 1680 illa,
618 1648 718 1686 quae
744 1637 868 1676 Attici
895 1637 1094 1681 mirantur,
1123 1636 1282 1675 diversa
1299 1636 1431 1674 Latini
1458 1647 1536 1674 ser-

201 1701 327 1740 monis
348 1701 450 1740 ratio
477 1702 601 1740 minus
626 1701 888 1753 permiserit.“

300 1766 383 1805 Iam
416 1778 513 1806 vero
548 1766 784 1805 iucundz'date
808 1766 974 1806 Latinus
1008 1778 1138 1806 sermo
1166 1770 1389 1816 superatur.
1442 1764 1537 1810 XII,

202 1831 263 1877 10,
290 1831 459 1871 27—34:
490 1831 690 1883 ‚Namque
718 1835 782 1872 est
805 1831 904 1882 ipsis
932 1832 1063 1871 statim
1083 1832 1192 1871 sonis
1211 1832 1346 1871 durior
1372 1831 1537 1879 (Latina

200 1898 404 1949 facundia)
419 1897 576 1948 quando
604 1901 645 1936 et
670 1897 972 1939 iucundissimas
1001 1910 1050 1937 ex
1080 1898 1245 1938 Graecis
1272 1899 1430 1938 litteras
1456 1910 1537 1937 non

205 1965 411 2010 hahemus,
437 1964 616 2003 vocalem
642 1964 819 2010 alteram,
847 1963 1013 2002 alteram
1041 1968 1327 2003 consonantem
1358 1963 1398 2013 (υ
1425 1967 1467 2003 et
1492 1963 1536 2014 φ)

201 2030 339 2080 quibus
353 2029 484 2068 nullae
508 2029 614 2080 apud
640 2040 712 2068 eos
740 2028 890 2084 dulcius
918 2029 1088 2079 spirant3
1117 2041 1214 2079 quas
1241 2029 1408 2068 mutuari
1435 2029 1537 2068 sole-

200 2108 297 2144 mus,
308 2095 490 2152 quotiens
501 2094 654 2133 illorum
661 2094 883 2133 nominibus
891 2094 1044 2132 utimur.
1069 2094 1137 2133 30:
1152 2094 1280 2133 Duras
1289 2098 1331 2134 et
1342 2094 1413 2133 illa
1421 2094 1535 2144 sylla-

199 2163 274 2200 bas
301 2160 411 2205 facit‚
439 2171 541 2209 quae
568 2160 618 2198 ad
647 2160 945 2210 coniungendas
974 2159 1126 2198 demum
1151 2159 1352 2199 subiectas
1371 2159 1448 2199 sibi
1468 2172 1535 2198 vo-

201 2226 310 2266 cales
349 2230 413 2265 est
448 2225 575 2271 utilis,
627 2224 726 2264 alias
771 2236 1039 2276 supervacua,
1083 2229 1126 2264 ut
1165 2225 1342 2276 „equos“
1379 2226 1455 2265 hac
1495 2230 1537 2265 et

204 2296 388 2343 „equum“
416 2292 639 2340 scribimus;
667 2302 752 2329 cum
780 2290 901 2329 etiam
925 2291 1040 2341 ipsae
1058 2291 1133 2330 hae
1149 2292 1315 2331 vocales
1334 2293 1436 2331 duae
1454 2292 1536 2332 effi·

201 2358 308 2398 ciant
334 2370 484 2402 sonum,
513 2356 641 2407 qualis
659 2356 764 2407 apud
778 2356 958 2395 Graecos
976 2357 1105 2396 nullus
1123 2360 1198 2406 est,
1222 2357 1395 2408 ideoque
1415 2358 1537 2398 scribi

199 2424 356 2464 illorum
382 2423 526 2463 litteris
553 2435 634 2461 non
660 2425 806 2473 potest.
850 2422 917 2462 31:
948 2422 1077 2469 Quid?
1114 2423 1222 2473 quod
1246 2423 1438 2474 pleraque
1461 2436 1536 2464 nos

199 2490 269 2532 illa
292 2489 405 2541 quasi
432 2489 628 2539 mugiente
656 2488 791 2527 littera
818 2487 1008 2529 cludimus
1035 2488 1087 2535 M,
1114 2501 1190 2539 qua
1215 2489 1362 2529 nullum
1380 2489 1536 2530 Graece

200 2556 364 2594 verbum
405 2555 527 2593 caditz
572 2557 615 2592 at
641 2553 705 2610 illi·
725 2566 775 2604 ny
800 2553 1011 2592 iucundam
1051 2558 1093 2593 et
1132 2555 1187 2604 inl
1211 2555 1288 2594 fine
1319 2557 1535 2606 praecipue

202 2620 316 2671 quasi
342 2619 573 2659 tinnientem
596 2618 702 2658 illius
727 2619 819 2659 loco
841 2623 1003 2670 ponunt,
1030 2632 1131 2669 quae
1160 2623 1223 2660 est
1248 2622 1353 2671 apud
1379 2634 1453 2661 nos
1478 2634 1536 2661 ra-

200 2685 360 2728 rissima
386 2686 428 2726 in
455 2685 653 2728 clausulis.
704 2685 773 2727 322
813 2685 943 2735 Quid?
969 2686 1075 2737 quod
1102 2687 1281 2739 syllabae
1308 2693 1474 2729 nostrae
1499 2688 1539 2727 in
