1777 3029
887 173 943 218 26

347 296 480 347 Atque
511 307 562 335 ne
606 297 797 347 desperet
833 296 1041 347 quisquam
1086 296 1136 335 de
1167 297 1316 336 virtute
1352 299 1580 339 obtinenda.

246 361 340 411 XII,
369 362 403 410 1,
429 361 500 402 422
536 362 625 410 „Ad
657 362 734 402 hoo
767 374 883 401 nemo
917 361 1131 411 dubitabit,
1168 360 1279 412 quin,
1315 364 1349 402 si
1387 368 1580 403 nocentes

247 426 389 465 mutari
414 426 455 465 in
480 427 625 465 bonam
651 429 821 466 mentem
845 426 981 476 aliquo
1001 426 1123 473 modo
1141 427 1309 477 possint,
1338 429 1442 467 sicut
1459 441 1579 478 posse

245 491 438 531 interdum
482 491 725 541 conceditur,
766 491 899 538 salvos
941 503 1031 532 esse
1071 492 1200 543 magis
1238 505 1260 531 e
1289 493 1495 544 republica
1530 494 1582 534 sit

247 569 361 608 quam
387 556 555 608 puniri.“
606 556 699 607 XII,
729 558 764 607 1,
790 557 862 597 31:
891 557 1048 607 „Quare
1073 558 1270 608 iuventus,
1298 558 1413 598 immo
1441 572 1580 599 omnes

247 626 423 673 aetates,
455 621 602 674 (neque
635 623 739 663 enim
769 626 906 662 rectae
939 616 1134 663 voluntati
1171 636 1301 672 serum
1337 629 1400 664 est
1424 629 1579 676 tempus

242 688 381 734 ullum)
412 688 509 727 totis
542 678 738 727 mentibus
772 687 848 739 huc
882 689 1110 736 tendamus,
1151 688 1254 738 (scil.
1291 690 1342 728 ad
1379 690 1580 737 virtutem)

244 753 285 793 in
311 753 387 793 hoc
411 753 689 804 illaborcmus;
716 754 854 793 forsan
880 756 923 793 et
948 752 1221 793 consummare
1248 754 1495 805 contingat.“

347 854 486 895 Virtus
518 857 559 895 in
587 849 764 906 singulas
792 854 905 905 quasi
930 857 1066 904 partes
1094 854 1297 905 dispertiri
1330 855 1452 904 solet,
1487 869 1577 905 qua-

181 946 184 948 *
244 932 328 958 rum
352 920 594 971 praecipuae
621 923 793 971 quatuor
815 919 908 959 illae
936 922 1044 968 sunt,
1081 933 1190 972 quas*
1205 920 1325 959 Plato
1351 921 1494 971 σοφίαν,
1521 920 1579 959 ἀν-

245 984 373 1034 δρείαν,
400 986 642 1036 σωφροσύνην,
669 985 889 1035 δικαιοσύνην
913 985 1083 1024 vocavit.
1126 984 1256 1024 Etiam
1281 986 1322 1024 in
1349 986 1580 1033 Quintiliani
1649 1024 1653 1029 ,

243 1050 346 1089 libro
375 1050 532 1101 saepius
560 1051 783 1102 complures
809 1050 973 1090 virtutes
996 1054 1257 1089 conseruntur
1271 1055 1312 1090 et
1326 1052 1579 1102 comprehen-

245 1116 400 1170 duntur.
453 1115 636 1157 Prooem.
664 1117 730 1156 12:
766 1115 930 1164 iustitia,
958 1115 1163 1164 fortitudo,
1190 1117 1466 1166 temperantia.
1505 1117 1577 1165 III,

245 1183 280 1230 7,
309 1182 374 1221 15:
403 1182 614 1231 fortitudo,
641 1181 808 1230 iustitia,
837 1181 1093 1226 continentia.
1145 1181 1194 1230 V,
1224 1182 1283 1230 10,
1313 1182 1381 1221 57:
1415 1182 1577 1230 iustitia,

244 1248 446 1297 fortitudo,
475 1248 713 1297 constantia,
741 1246 997 1286 continentia.
1040 1245 1132 1296 XII,
1152 1247 1188 1296 2,
1217 1247 1283 1287 17:
1310 1247 1473 1297 iustitia,
1501 1248 1577 1287 for·

243 1315 391 1362 titudo,
426 1313 684 1362 abstinentia,
718 1312 1004 1362 temperantia,
1039 1312 1183 1363 pietas.
1234 1312 1327 1362 XII,
1349 1313 1391 1361 2,
1419 1313 1480 1352 29.
1507 1314 1575 1352 30:

243 1378 447 1428 fortitudo,
472 1378 634 1428 iustitia,
656 1376 768 1426 fides,
795 1377 1052 1425 continentia,
1080 1377 1301 1428 frugalitas,
1326 1381 1576 1428 contempt-us

243 1444 395 1493 doloris
422 1457 470 1484 ac
496 1444 645 1484 mortis.
677 1443 786 1491 Quos
811 1443 927 1483 locos
952 1443 1195 1483 intuentibus
1222 1444 1357 1483 mirum
1380 1444 1576 1492 videatur,

243 1511 349 1561 quod
380 1523 572 1560 nusquam
603 1509 754 1549 mentio
787 1508 831 1547 fit
856 1509 907 1548 de
933 1507 1148 1559 sapientia;
1175 1513 1216 1549 et
1241 1510 1381 1549 nescio
1407 1522 1459 1548 an
1485 1521 1576 1548 con-

241 1576 345 1617 sulto
379 1576 643 1624 Quintilianus
682 1574 918 1626 sapientiam
946 1574 1138 1615 virtutum
1170 1588 1333 1616 numero
1372 1574 1576 1615 exemerit.

239 1641 341 1681 Nam
367 1641 410 1685 si
428 1641 552 1682 virtus
579 1642 717 1681 doceri
742 1643 890 1692 potest,
921 1640 1028 1691 quod
1054 1652 1141 1684 eum
1168 1641 1427 1681 contendisse
1456 1653 1577 1691 supra

240 1693 410 1757 ostendi,
437 1697 637 1759 sapientia
661 1705 894 1750 necessario
920 1705 1105 1746 virtutum
1130 1706 1300 1746 maxima
1332 1710 1398 1746 est
1423 1718 1576 1746 omnes·

240 1784 316 1823 que
346 1773 437 1824 ipsa
470 1772 661 1813 continet.
712 1771 866 1822 Itaque
887 1772 994 1816 inter
1025 1771 1204 1823 singulas
1241 1773 1462 1812 enumerari
1495 1784 1576 1811 non

238 1841 387 1889 potest.
414 1860 464 1867 -
489 1837 606 1878 Haec
630 1837 825 1877 hactenus
852 1836 903 1877 de
928 1836 1090 1877 virtute.

340 1931 422 1974 Sed
454 1933 573 1974 etiam
607 1934 673 1986 qui
704 1933 884 1985 proxime
918 1932 972 1972 ad
1002 1932 1186 1973 virtutem
1220 1933 1412 1982 accessit,
1454 1944 1577 1984 saepe

236 1999 376 2040 incidit
398 2000 440 2039 in
464 2000 570 2040 mala
595 2004 637 2040 et
660 2000 769 2040 vitia.
812 1998 1151 2050 Promptissimum
1177 2011 1273 2039 vero
1301 1999 1576 2039 certissimum·

238 2077 313 2117 que
338 2061 528 2116 malorum
550 2065 721 2105 indicem
738 2065 927 2105 habemus
945 2065 1214 2105 commum.
1242 2063 1375 2113 Quare
1395 2066 1576 2116 quaestio

238 2131 288 2171 de
321 2132 571 2173 conscientia
604 2144 692 2171 cum
725 2131 958 2182 quaestione
985 2131 1036 2170 de
1063 2130 1209 2170 virtute
1236 2135 1347 2170 arcte
1375 2131 1577 2171 cohaeret.

183 2186 188 2188 ’
236 2196 298 2237 De
325 2208 401 2249 qua
425 2210 470 2237 re
498 2198 549 2237 cf.
575 2196 808 2247 xll‚v1‚3.⁷:
835 2195 961 2246 „Nam
987 2200 1096 2236 certe
1117 2208 1248 2247 neque
1273 2197 1578 2248 intelligentiam

238 2264 487 2303 concesseris
509 2263 579 2309 iis,
598 2262 681 2313 *qui
713 2262 924 2313 proposita
948 2262 1206 2302 honestorum
1231 2275 1280 2301 ac
1305 2263 1475 2313 turpium
1499 2263 1576 2311 via,

235 2328 410 2379 peiorem
438 2328 551 2380 sequi
573 2328 734 2377 malent,
760 2339 890 2378 neque
915 2327 1186 2378 prudentiam,
1209 2340 1300 2367 cum
1316 2327 1365 2367 'in
1391 2329 1576 2379 gravissi-

235 2406 320 2434 mas
355 2395 587 2445 frequenter
617 2394 767 2444 legum,
802 2403 962 2443 semper
994 2405 1093 2433 vero
1136 2393 1264 2432 malae
1305 2394 1577 2433 conscientiae

235 2470 388 2511 poenas
416 2470 440 2499 a
463 2463 594 2499 semet
618 2459 718 2510 ipsis
742 2458 959 2509 improviso
984 2468 1117 2499 rerum
1145 2458 1253 2498 exitu
1277 2459 1501 2498 induantur.
1527 2482 1578 2488 —

237 2525 369 2576 „Nihil
401 2529 468 2566 est
501 2525 605 2565 enim
641 2528 723 2564 tam
754 2528 1009 2577 occupatum,
1043 2530 1124 2566 tam
1143 2525 1418 2576 multiforme,
1443 2529 1505 2565 tot
1531 2538 1578 2565 ac

228 2595 318 2631 tam
342 2591 464 2631 variis
488 2589 699 2632 affectibus
726 2591 927 2632 concisum
945 2595 1066 2644 atque
1082 2591 1311 2641 laceratum,
1340 2604 1456 2643 quam
1472 2592 1577 2630 mala

230 2667 359 2702 mens.
409 2653 507 2702 Nam
535 2660 578 2698 et
604 2670 690 2699 cum
715 2658 945 2700 insidiatur:
973 2669 1065 2711 spe,
1093 2658 1219 2707 curis,
1252 2659 1392 2702 labore
1420 2658 1578 2701 distrin-
