1777 3029
862 159 912 197 16

211 281 286 319 hoe
313 282 392 319 illis
424 281 678 330 contemptim
705 281 1021 325 commemoratis
1048 280 1286 319 testimoniis
1320 280 1551 329 aruspicum,

211 359 409 396 augurum,
438 345 725 389 coniectorum,
761 345 1120 385 mathematicorum
1165 345 1333 396 opponit
1368 344 1551 392 orantum

210 412 343 460 itaque
370 411 600 457 Quintiliani
632 411 682 449 de
710 412 783 449 hae
816 424 860 450 re
890 412 1091 451 sententia
1117 423 1167 450 eo
1200 411 1349 459 tendat,
1387 415 1430 449 ut
1463 424 1549 450 ora·

209 476 306 515 culis
334 476 497 514 deorum
525 476 769 515 voluntatem
803 479 845 515 et
878 476 1093 527 significari
1121 487 1242 527 posse
1278 480 1319 515 et
1352 476 1548 521 interdum

207 555 250 580 re
281 554 377 580 vera
404 554 490 580 eum
517 542 740 581 hominibus
764 542 1042 581 communicari
1065 543 1243 581 affirmet.
1271 543 1323 582 Et
1349 542 1448 582 haee
1475 542 1550 582 liae

208 610 322 644 tenus
351 607 401 645 de
430 607 577 646 diis-et
603 607 654 645 de
681 607 889 656 religione.
948 628 951 632 ·

702 672 737 712 ⁸2.
778 672 845 711 De
879 673 1064 712 mundo.

282 738 479 781 *Mundus
507 738 633 782 abdiis
662 729 821 777 creatus
848 742 930 782 est,
963 739 1016 787 II,
1043 740 1107 789 16,
1138 740 1195 778 12.
1237 739 1286 787 V,
1317 739 1375 786 12,
1406 736 1547 787 19‚(ef.

206 816 245 853 p.
276 805 352 851 13.)
380 810 500 853 atque
535 804 1287 855 providentiaffetfflapientioeregitur.
1314 803 1406 852 ΧΠ,
1433 804 1469 848 2,
1488 804 1548 842 21.

153 881 156 883 ’
207 868 262 918 (p.
292 868 371 918 13.)
405 869 458 908 ef.
489 869 539 917 V,
581 869 636 917 14,
667 870 778 908 7—9.
833 868 999 909 Mundus
1034 870 1189 909 rationo
1222 871 1438 910 instructus
1474 873 1547 909 est.

206 935 255 982 V,
288 935 345 983 12,
376 934 424 972 19
439 935 491 984 (p.
510 935 615 981 205.)
655 935 822 974 Mundus
851 938 913 973 est
940 935 1097 974 animal.
1124 935 1173 982 V,
1203 935 1263 981 14,
1291 935 1356 973 1-2:
1383 934 1549 983 „Omnia

206 1001 390 1039 animalia
423 1000 588 1040 meliora
624 1005 715 1040 sunt
748 1014 862 1051 quam
890 991 1080 1052 inanima,
1116 1001 1211 1040 nihil
1244 1005 1374 1041 autem
1410 1000 1547 1040 melius

205 1070 268 1104 est
295 1067 451 1114 mundo,
478 1066 645 1105 mundus
671 1067 792 1116 igitur
819 1068 974 1106 animal.
1020 1068 1099 1107 Hie
1126 1070 1261 1117 potest
1283 1067 1411 1106 videri
1428 1067 1477 1105 de
1503 1079 1547 1107 re

205 1133 425 1171 eontentio.
478 1132 617 1171 Potuit
646 1133 745 1171 enim
775 1132 833 1172 sie
859 1134 1045 1172 constitui
1080 1132 1357 1172 ratiocinatio:
1391 1132 1547 1172 Animal

205 1203 267 1237 est
294 1199 471 1246 mundus,
500 1198 633 1236 omnia
661 1198 764 1236 enim
791 1199 977 1238 animalia
1002 1199 1168 1238 meliora
1194 1201 1294 1247 sunt,
1324 1210 1438 1249 quam
1464 1198 1546 1237 ina-

203 1265 324 1302 nima:
391 1264 575 1302 Ceterum
621 1263 720 1301 haee
759 1265 983 1314 propositio
1009 1264 1011 1266 ’
1036 1268 1103 1303 aut
1147 1265 1338 1303 confessa
1376 1268 1454 1312 est,
1502 1267 1546 1301 ut

202 1330 394 1383 proxima,
424 1334 491 1368 aut
517 1331 735 1379 probanda,
765 1334 807 1369 ut
831 1330 906 1377 Qui
933 1332 1091 1370 beatam
1114 1330 1235 1368 vitam
1261 1328 1396 1369 vivere
1423 1328 1546 1373 volet,

201 1395 504 1445 philosophetur
522 1399 695 1445 oportet,
725 1409 805 1435 non
824 1397 925 1435 enim
946 1395 1217 1436 conceditur.“
1269 1395 1438 1435 Mundus
1458 1395 1544 1434 solo

202 1462 342 1501 ordine
368 1465 549 1506 constat,
586 1456 696 1500 euius
730 1474 814 1502 cum
849 1463 1076 1502 turbatione
1113 1462 1232 1501 etiam
1258 1461 1424 1501 mundus
1451 1472 1544 1513 con-

201 1528 321 1567 cidet.
363 1528 442 1566 VII
468 1540 525 1578 pr.
555 1529 597 1567 3:
633 1528 743 1577 „Nee
777 1529 868 1566 mihi
909 1529 1091 1568 videntur
1126 1541 1298 1577 errare,
1318 1529 1388 1579 qui-
1409 1528 1542 1579 ,ipsam

198 1606 328 1632 rerum
362 1598 542 1633 naturam
575 1598 681 1633 stare
717 1595 855 1633 ordine
884 1598 1040 1645 putant,
1066 1607 1144 1645 quo
1173 1595 1340 1634 confuso
1369 1594 1543 1645 peritura

199 1660 279 1699 sint
305 1659 473 1699 omnia.“
788 1699 791 1700 γ
1001 1697 1004 1699 ,

688 1727 723 1766 3.
753 1726 819 1765 De
848 1727 1053 1765 homine.

302 1791 525 1830 Secundum
555 1791 771 1831 finitionem
791 1792 1022 1838 Quintiliani
1043 1792 1160 1831 homo
1179 1795 1242 1830 est
1270 1791 1412 1830 animal
1446 1802 1543 1829 mor·

198 1858 293 1903 tale,
332 1858 545 1903 rationale,
583 1858 751 1896 medium
785 1857 982 1907 quoddam
1017 1858 1123 1896 inter
1156 1858 1255 1896 deos
1298 1861 1340 1896 et
1377 1856 1541 1904 bestias,

199 1926 292 1975 quia
318 1924 475 1964 ratione
505 1937 553 1964 ae
579 1925 715 1975 lingua
742 1938 766 1963 a
793 1924 945 1973 bestiis,
975 1924 1218 1963 mortalitate
1246 1936 1270 1963 a
1296 1923 1377 1963 diis·
1399 1922 1541 1962 differt.

197 1991 288 2038 VII,
315 1991 351 2039 3,
382 1989 447 2028 15:
476 1991 571 2039 „An‚
600 1990 633 2028 si
661 2002 740 2027 non
769 1990 922 2033 dixero,
956 1990 1087 2028 Homo
1118 1994 1181 2028 est
1207 1989 1351 2028 animal
1377 1989 1543 2027 mortale

198 2055 409 2104 rationale,
436 2067 515 2093 non
545 2060 687 2105 potero
709 2055 904 2105 expositis
932 2059 994 2093 tot
1021 2054 1202 2105 eorporis
1231 2054 1426 2105 animique
1454 2065 1543 2104 pro·

196 2123 447 2172 prietatibus,
494 2121 614 2159 latius
655 2121 838 2159 oratione
878 2121 997 2159 dueta
1035 2122 1101 2160 vel
1136 2135 1160 2159 a
1194 2121 1271 2160 diis
1302 2133 1388 2160 eum
1420 2120 1485 2158 vel
1519 2132 1544 2157 a

196 2188 313 2228 mutis
348 2186 628 2226 discerneret>⁴⁴
682 2187 730 2234 V,
770 2187 827 2235 10,
863 2186 933 2225 56:
972 2187 1135 2236 „ltaque
1164 2199 1187 2225 a
1220 2188 1371 2237 genere
1405 2193 1541 2237 perve-

196 2255 382 2293 niendum
402 2258 464 2293 est
490 2254 541 2291 ad
560 2253 733 2291 ultimum
761 2253 947 2302 speeiem,
975 2257 1019 2291 ut
1033 2252 1163 2291 Homo
1193 2257 1257 2291 est
1278 2253 1541 2299 animaL‘non

197 2325 261 2360 est
289 2320 400 2366 satis,
423 2320 464 2358 id
493 2318 594 2357 enim
621 2331 747 2368 genus
776 2322 857 2368 cst;
886 2318 1065 2368 mortale,
1100 2317 1257 2361 etiamsi
1280 2320 1344 2356 est
1371 2316 1539 2367 speeies,

196 2400 281 2427 eum
310 2386 401 2426 aliis
420 2390 551 2424 tamen
576 2384 791 2424 eommunis
809 2384 955 2433 finiti03
981 2383 1191 2430 rationale,
1220 2383 1316 2422 nihil
1343 2382 1542 2440 supererit

197 2454 247 2492 ad
274 2452 623 2491 demonstrandum
643 2451 682 2489 id
710 2451 816 2501 quod
835 2451 971 2490 velis.“
1013 2450 1067 2488 ef.
1086 2449 1136 2498 ΙΙ,
1167 2449 1225 2499 16,
1247 2449 1305 2488 12.
1329 2448 1420 2498 ΧΠ,
1453 2449 1486 2498 1,
1504 2449 1540 2491 2.

193 2520 326 2565 Animi
353 2519 481 2558 nostri
509 2519 623 2568 origo
653 2518 797 2557 divina.
850 2517 942 2568 ΧΠ,
971 2518 1006 2565 2,
1033 2516 1103 2555 21;
1139 2514 1206 2565 „Si
1230 2515 1363 2558 divina
1390 2514 1539 2556 nostris

176 2585 340 2632 *animis
379 2585 511 2633 origo:
557 2584 797 2622 tendendum
837 2584 888 2621 ad
928 2584 1114 2621 virtutem
1154 2593 1228 2620 nee
1268 2581 1539 2631 voluptatibus

177 2651 351 2703 ,terreni
378 2651 559 2699 eorporis
589 2648 873 2693 serviendum.“
926 2649 985 2689 De
1005 2646 1298 2705 immortalitate
1326 2646 1444 2690 animi
1472 2646 1537 2691 du-
