1777 3029
842 163 904 222 37

206 293 296 341 cum
320 295 457 339 regem
484 283 762 322 debellandum
789 284 929 328 consul
955 284 1144 329 venisset,
1172 287 1284 323 tanta
1311 296 1406 323 cula
1422 284 1546 326 Grae-

205 337 291 398 cae
309 347 446 398 lingua
471 339 654 391 notitiam
681 348 811 391 animo
839 347 1157 406 comprehendit,
1189 352 1234 387 ut
1260 361 1347 409 eam
1374 349 1413 388 in
1439 349 1546 400 quin·

204 424 284 468 que
313 412 477 454 divisam
504 424 656 463 genera
680 424 755 463 per
780 426 917 453 omnes
944 416 1080 487 partes
1108 426 1156 452 ae
1183 407 1367 456 numeros
1387 404 1546 468 penitus

205 469 488 534 cognosceret.
542 477 652 524 Quae
678 489 745 516 res
764 477 970 520 maximum
990 477 1027 516 ei
1046 479 1244 517 sociorum
1264 490 1437 521 amorem
1456 490 1546 517 con-

210 538 375 592 ciliavit‚
409 554 487 598 qua
513 542 599 598 quis
628 554 763 581 eolum
787 542 924 595 lingua
950 543 1055 594 apud
1080 544 1254 584 tribuna-l
1278 544 1384 584 illius
1411 548 1546 595 postu-

208 607 382 667 laverat,
425 608 564 646 eadem
603 608 768 646 decreta
806 608 1029 647 reddent1“
1058 628 1103 636 -
1147 610 1417 657 Dialectorum
1442 610 1547 648 ratio

211 664 330 722 atque
357 673 582 723 proprietas
610 673 769 713 diversa
795 677 868 713 est.
934 673 1072 713 Ionica
1101 675 1345 717 iucunditate
1375 674 1547 714 excellit.

211 738 283 783 IX,
309 739 345 787 4,
376 740 441 779 18:
468 730 540 788 „In
570 739 778 778 Herodoto
806 752 901 778 vcro
930 752 1015 779 cum
1042 741 1173 779 omnia
1199 741 1260 790 (ut
1286 753 1363 792 ego
1389 741 1547 791 quidem

204 803 361 857 sentio)
385 804 528 842 leniter
553 804 690 853 fluunt,
725 809 805 841 tum
831 804 920 854 ipsa
946 805 1130 846 διάλεκτος
1155 805 1277 844 habet
1304 818 1390 843 eam
1417 805 1547 843 iucun-

213 868 387 915 ditatem,
415 873 457 907 ut
483 868 652 907 latentes
681 869 796 907 etiam
823 881 1007 909 numeros
1037 870 1244 921 complexa
1260 870 1479 917 videaturf‘
1502 892 1548 897 --

213 933 358 971 Atticis
387 934 551 983 propria
585 938 648 971 est
680 933 812 983 gratia
838 934 1045 983 quaedam.
1096 934 1147 983 X,
1179 937 1211 979 1,
1238 936 1306 983 65:
1350 935 1550 984 „Antiqua

214 998 422 1037 comoedia
448 1010 532 1036 cum
552 998 746 1037 sinceram
765 998 868 1036 illam
889 999 1081 1038 sermonis
1095 999 1218 1037 Attici
1235 999 1402 1050 gratiam
1422 1011 1548 1049 prope

214 1063 303 1101 sola
332 1063 497 1111 retinet,
537 1068 616 1101 tum
650 1060 752 1102 etc.“
802 1063 870 1112 99,
900 1064 992 1103 100:
1031 1064 1101 1114 „In
1139 1064 1347 1112 comoedia
1385 1064 1549 1102 maxime

214 1129 499 1178 claudicamus,
540 1129 635 1167 licet
662 1128 791 1167 Varro
818 1129 968 1173 Musas,
1008 1129 1110 1168 Aelii
1140 1129 1305 1169 Stilonis
1340 1129 1549 1178 sententia,

214 1194 399 1233 Plautino
434 1196 541 1233 dicat
574 1207 754 1233 sermone
790 1194 991 1240 locuturas
1024 1194 1168 1243 fuisse,
1216 1195 1249 1234 si
1276 1195 1416 1241 Latine
1442 1194 1551 1248 loqui

214 1260 380 1307 vellent,
408 1261 504 1298 licet
531 1259 745 1298 Caecilium
766 1265 926 1299 veteres
952 1260 1135 1299 laudibus
1163 1261 1315 1305 ferant,
1351 1260 1448 1297 licet
1475 1259 1551 1297 Τρ-

215 1325 330 1362 rentii
358 1324 508 1374 scripta
535 1326 583 1363 ad
600 1324 824 1375 Scipionem
838 1324 1069 1363 Africanum
1094 1325 1338 1373 reserantur3
1367 1335 1466 1373 quae
1493 1328 1550 1361 ta-

215 1402 303 1428 men
332 1394 422 1428 sunt
447 1389 486 1428 iu
515 1391 590 1429 hoc
617 1401 765 1441 genere
791 1390 1090 1441 elegantissima
1112 1394 1154 1428 et
1177 1390 1267 1440 plus
1295 1389 1420 1427 adhuc
1442 1389 1551 1427 habi-

216 1459 306 1493 tura
330 1456 497 1505 gratiae,
526 1455 560 1494 si
577 1455 681 1493 iutra
700 1467 837 1495 versus
856 1453 1057 1494 trimetros
1079 1455 1297 1494 stetissent.
1327 1453 1405 1492 Vix
1424 1454 1552 1492 levem

218 1520 492 1570 consequimur
518 1522 710 1569 umbram,
758 1521 861 1560 adeo
889 1524 931 1560 ut
956 1520 1047 1564 mihi
1077 1532 1207 1560 sermo
1235 1520 1323 1571 ipse
1350 1519 1551 1570 Romanus

217 1598 298 1624 non
322 1585 503 1635 recipere
529 1586 712 1625 videatur
744 1586 852 1624 illam
878 1586 978 1625 solis
1005 1598 1239 1625 concessam
1263 1585 1410 1624 Atticis
1436 1597 1553 1623 vene-

218 1662 318 1700 rem,
358 1663 443 1689 cum
478 1663 564 1689 eam
598 1663 646 1689 nc
675 1651 820 1691 Graeci
850 1651 1006 1702 quidem
1037 1651 1078 1689 in
1100 1651 1192 1692 ‚alio
1221 1662 1370 1701 genere
1396 1650 1553 1700 linguae

218 1716 496 1755 obtinuerint.“
535 1739 586 1744 —
622 1717 790 1764 Aeolica
825 1717 1020 1756 dialectus
1052 1717 1196 1755 Latino
1234 1715 1406 1761 sermoni
1440 1715 1555 1755 simil-

219 1782 313 1821 lima
339 1787 413 1821 est.
457 1782 486 1825 1.
513 1783 548 1828 6,
575 1783 636 1822 37.
665 1782 732 1833 (of.
760 1795 798 1833 p.
825 1781 905 1834 36.)
1080 1775 1083 1778 ’

323 1846 403 1885 Sed
432 1847 547 1885 etiam
577 1852 747 1897 excepta
773 1848 847 1890 hae
874 1848 1133 1887 dialectorum
1155 1840 1363 1894 varietate,
1391 1845 1556 1890 Latinus

223 1924 352 1951 sermo
380 1924 404 1951 a
430 1911 587 1951 Graeco
624 1912 741 1963 copia
767 1913 980 1952 verborum
1006 1916 1225 1963 superatur.
1271 1912 1321 1951 cs.
1349 1911 1421 1959 111,
1449 1911 1485 1959 3,
1513 1911 1557 1949 9:

222 1976 503 2027 „Oeconomia‚
533 1990 633 2028 quae
662 1978 816 2017 Graece
844 1978 1046 2029 appellata
1073 1990 1123 2016 ex
1151 1989 1246 2017 cura
1271 1989 1401 2018 rerum
1429 1977 1558 2015 dome-

224 2044 407 2083 sticarum
435 2049 476 2081 et
501 2043 564 2081 hic
583 2054 656 2094 per
673 2043 902 2082 abusionem
920 2043 1054 2093 posita
1075 2043 1230 2082 nomine
1246 2042 1390 2081 Latino
1410 2042 1558 2080 caret.“

223 2109 294 2159 111,
322 2110 357 2155 6,
384 2109 451 2147 97:
479 2107 686 2158 „Nothum‚
716 2108 781 2158 qui
811 2120 887 2147 non
916 2108 968 2146 sit
987 2107 1197 2159 legitimus,
1224 2107 1366 2153 Graeci
1390 2111 1558 2156 vocant;

223 2175 400 2217 Latinum
427 2174 491 2224 rei*
520 2186 680 2216 nomeu.
723 2179 765 2212 ut
792 2173 891 2212 Cato
926 2185 1084 2224 quoque
1116 2173 1157 2211 in
1181 2173 1364 2212 oratione
1389 2173 1559 2223 quadam

224 2245 394 2281 testatus
434 2243 513 2284 est,
558 2251 638 2278 non
683 2234 870 2278 habemus
910 2239 1081 2289 ideoque
1126 2238 1268 2276 utimur
1307 2237 1562 2289 peregrino.“

226 2305 362 2355 v,10,
394 2307 433 2345 1:
476 2305 615 2354 „Nunc
643 2302 692 2343 de
720 2304 972 2355 argumentis
1025 2304 1116 2342 Hoc
1143 2297 1246 2341 enim
1272 2303 1429 2341 nomine
1461 2314 1563 2341 com·

224 2372 432 2422 plectimur
451 2371 593 2419 omnia,
622 2381 722 2419 quae
737 2369 894 2408 Graeci
910 2366 1154 2419 ἐνθυμηματα,
1183 2368 1415 2421 ἐπιχειρημα·
1404 2382 1452 2413 ια,
1478 2381 1563 2405 απο-

217 2431 346 2479 ’ὃιίξεις
371 2440 533 2483 vocant,
575 2446 807 2486 quamquam
834 2435 937 2485 apud
961 2434 1054 2473 illos
1082 2438 1146 2479 est
1173 2433 1307 2484 aliqua
1330 2432 1467 2475 hoium
1493 2445 1563 2471 no-

209 2503 368 2558 -minum
395 2502 628 2548 d1ffe1ent1a
656 2500 810 2540 etiamsi
837 2500 897 2539 vis
917 2500 1059 2539 eodem
1080 2500 1165 2539 fere
1185 2499 1327 2538 tendit
1330 2499 1351 2517 “
1379 2498 1449 2547 VI,
1468 2500 1505 2548 2,
1522 2500 1564 2537 8:

227 2568 431 2618 „Alterum
458 2567 634 2618 speeiem
664 2566 870 2605 affectuum
888 2564 1036 2604 Graeci
1052 2564 1167 2606 πάθος
1186 2568 1342 2613 vocant,
1366 2564 1473 2615 quod
1493 2576 1566 2608 nos

227 2638 431 2676 vertentes
457 2637 570 2680 recte
598 2645 646 2673 ac
674 2632 835 2684 proprie
863 2632 1044 2671 affectum
1070 2631 1247 2680 dicimus,
1276 2631 1441 2676 alteram
1466 2628 1567 2680 ἦθος,
