1777 3029
250 280 332 316 stet
352 277 586 329 respublica
594 290 604 328 ;
630 277 779 317 formas
806 281 953 327 certas,
976 280 1021 316 ut
1034 277 1145 329 ‚Quot
1170 276 1252 317 sint
1278 276 1437 327 species
1462 282 1591 314 rerum

248 343 504 393 publicarum,
543 356 639 394 quas
667 344 740 383 tris
776 344 1012 394 accepimus,
1047 355 1148 393 quae
1181 342 1329 394 populi,
1366 353 1467 393 quae
1497 353 1591 392 pau-

250 419 405 457 corum,
450 420 553 457 quae
593 408 708 446 unius
752 412 955 458 potestate
1001 408 1270 457 1·egerentur.“
1341 406 1591 457 Oligarchiae

249 473 372 512 fuisse
401 474 565 511 amicum
583 471 765 514 Nostmm
786 473 878 527 mihi
907 473 1065 524 quidem
1093 485 1142 512 eo
1163 472 1267 512 effici
1290 473 1458 523 videtur,
1486 471 1592 522 quod

251 538 435 588 populum
465 538 626 587 saepius
644 542 875 588 contemptu
895 539 1070 588 quodam·
1082 537 1325 587 perstringit.
1359 537 1452 586 XII,
1472 538 1505 584 1,
1525 537 1591 577 26:

253 603 322 651 „ln
350 603 425 641 hoe
454 603 605 652 (officio
634 602 825 654 oratoris)
853 607 976 653 quota
1007 615 1101 653 pars
1130 603 1216 651 erit,
1251 603 1357 652 quod
1391 605 1458 641 aut
1482 602 1592 641 inno-

252 673 390 707 centes
419 669 594 707 tuebitur
620 675 688 708 aut
712 668 984 720 improborum
1011 668 1168 709 seelera
1205 658 1434 720 compescet
1459 670 1528 706 aut
1552 666 1594 705 in

249 735 496 784 pecuniariis
514 734 813 784 quaestionibus
840 735 1001 773 veritati
1024 739 1169 781 ⁴contra
1188 734 1422 773 calumniam
1440 733 1594 772 aderit?

249 799 427 838 Summus
464 799 531 837 ille
569 798 726 849 quidem
753 799 795 837 in
831 799 891 845 his
933 811 1091 850 quoque
1126 799 1314 850 operibus
1349 798 1486 846 suerit,
1522 798 1594 837 sed

247 865 464 903 maioribus
501 864 645 903 clarius
672 864 863 913 elucebit,
899 876 985 903 cum
1017 865 1198 914 regenda
1233 867 1393 903 senatus
1426 864 1594 903 consilia

249 935 290 968 et
316 930 521 980 popularis
548 941 663 967 error
689 929 742 967 ad
768 929 935 968 meliora
954 930 1192 968 dueendus“.
1224 930 1309 973 ΠΙ,
1335 930 1371 978 8,
1397 930 1467 968 37:
1493 927 1592 968 Nam

249 995 480 1034 consultant
507 999 575 1032 aut
600 994 735 1044 plures
764 998 834 1032 aut
853 994 1011 1044 singuli,
1040 994 1114 1033 sed
1138 995 1178 1033 in
1206 995 1383 1044 utrisque
1411 993 1593 1033 differen-

246 1061 314 1108 tia,
341 1061 434 1110 quia
462 1063 503 1098 et
525 1060 565 1098 in
592 1059 770 1112 pluribus
796 1059 960 1098 multum
984 1060 1156 1098 interest
1182 1063 1343 1099 senatus
1372 1059 1425 1100 sit
1450 1072 1501 1099 an
1526 1072 1594 1110 po·

246 1126 380 1176 pulus,
420 1125 588 1165 Romani
628 1138 678 1164 an
711 1125 953 1175 Fidenates,
994 1125 1139 1165 Graeci
1174 1138 1224 1164 an
1257 1125 1453 1165 barbari“.
1505 1125 1592 1173 Quo

247 1193 338 1229 loco
366 1191 470 1228 haud
495 1190 874 1239 praetermittendus
903 1195 967 1230 est
993 1192 1094 1230 ordo
1121 1203 1169 1229 ae
1188 1191 1326 1241 series,
1355 1191 1495 1241 quibus
1516 1191 1592 1229 siu-

248 1256 340 1304 gula
367 1256 590 1305 composita
617 1259 726 1304 sunt;
764 1256 804 1293 iu
832 1257 1000 1295 eundem
1033 1249 1139 1296 enim
1162 1256 1340 1294 ordinem
1367 1255 1594 1295 reseruntur

245 1326 421 1364 senatus,
450 1321 628 1368 Romani,
648 1320 805 1369 Graeci,
831 1334 879 1360 ac
895 1334 1030 1361 rursus
1051 1321 1233 1373 populus,
1247 1320 1478 1366 Fidenates,
1503 1322 1591 1359 bar-

247 1388 343 1426 bari.
415 1387 589 1434 Quorum
629 1387 769 1437 quibus
814 1388 1003 1426 maiorem
1049 1387 1285 1437 dignitatem
1329 1386 1591 1434 Quintilianus

245 1453 482 1500 att1i1›uerit‚
518 1464 591 1503 per
622 1465 667 1492 se
694 1457 819 1503 patet.
863 1475 913 1481 —
962 1453 1218 1493 Monarchiae
1253 1453 1459 1492 commoda
1490 1452 1592 1490 haud

245 1519 471 1568 ignorabat,
499 1530 591 1556 nam
617 1518 741 1557 totius
769 1518 943 1558 civitatis
963 1518 1135 1569 quietem
1153 1530 1200 1557 ae
1228 1518 1480 1557 securitatem
1506 1518 1591 1556 iure

243 1584 432 1624 laudavit.
485 1584 555 1634 VI,
591 1584 625 1635 1,
653 1584 720 1624 35:
748 1584 860 1634 „Fuit
887 1585 1084 1635 quondam
1109 1585 1214 1623 inter
1239 1584 1340 1623 haee
1364 1583 1496 1622 omnia
1520 1595 1588 1634 po·

245 1650 526 1696 tentissimum,
568 1663 657 1701 quo.
702 1650 749 1688 L.
776 1650 983 1689 Murenam
1007 1650 1161 1696 ,Cicero
1198 1651 1479 1690 accusantibus
1512 1650 1590 1688 ela.-

243 1716 412 1755 rissimis
439 1716 536 1754 viris
556 1715 752 1766 eripuisse
771 1715 986 1767 praecipue
1006 1716 1174 1765 videtur,
1202 1716 1478 1767 persuasitque
1496 1715 1592 1754 nihil

246 1794 337 1821 esse
366 1782 416 1821 ad
443 1784 696 1832 praesentem
722 1791 852 1819 rerum
880 1784 1027 1820 statum
1053 1781 1202 1826 utilius,
1230 1794 1345 1834 quam
1373 1781 1500 1832 pridie
1519 1780 1591 1820 Ca-

244 1847 388 1886 lendas
415 1846 630 1886 Januurias
655 1847 812 1897 ingredi
841 1846 1097 1888 consulatum.
1151 1847 1267 1895 Quod
1291 1859 1417 1898 genus
1442 1846 1592 1887 nostris

246 1913 495 1963 temporibus
523 1917 649 1952 totum
674 1923 804 1963 paene
844 1911 1042 1952 sublatum
1076 1917 1150 1962 est,
1192 1925 1278 1953 cum
1308 1913 1440 1952 omnia
1473 1923 1593 1953 curae

245 1978 478 2029 tutelaeque
506 1978 619 2017 unius
646 1977 783 2017 innixa
808 1977 1031 2028 periclitari
1062 1978 1174 2017 -nullo
1207 1978 1344 2019 iudicii
1370 1977 1477 2018 exitu
1502 1990 1591 2029 pos-

245 2045 360 2084 sint.“
428 2044 521 2083 Alio
565 2048 700 2083 tamen
734 2043 828 2083 loco
868 2043 1164 2095 imperatoriam
1202 2047 1445 2095 potestatem
1483 2052 1592 2085 acer-

245 2111 406 2150 bissime
435 2110 620 2162 castigat,
649 2110 828 2161 quamvis
861 2110 969 2150 haud
1001 2110 1186 2150 consulto
1212 2110 1290 2151 hoc
1323 2122 1411 2151 eum
1443 2110 1592 2151 fecisse

247 2177 498 2215 contendam.
552 2176 602 2226 V,
635 2177 691 2225 13,
717 2177 749 2216 6.
779 2178 822 2217 7:
850 2176 1027 2226 „Quodsi
1046 2176 1150 2227 apud
1162 2176 1392 2227 Principem
1409 2176 1591 2225 aliumve,

247 2242 321 2290 cui,
356 2246 483 2280 utrum
512 2241 617 2289 velit,
644 2242 777 2292 liceat,
814 2241 1024 2285 dicendum
1062 2241 1173 2287 erit“‚
1207 2242 1397 2282 defensor
1429 2242 1593 2282 crimine

246 2308 352 2346 haud
380 2311 545 2358 negato,
573 2320 647 2358 pro
675 2319 747 2347 reo
774 2307 933 2347 veniam
959 2311 1114 2358 poscet.
1166 2308 1309 2358 „Apud
1331 2308 1486 2348 iudices
1513 2307 1591 2358 qui-

248 2374 337 2412 dem
381 2373 596 2412 seeundum
632 2373 765 2424 legem
804 2373 983 2412 dicturos
1024 2373 1262 2412 sententiam
1301 2373 1350 2413 de
1391 2372 1591 2412 confessis

245 2439 481 2489 praecipere
511 2438 719 2477 ridiculum
747 2438 843 2478 est“.
888 2437 1020 2485 Quid?
1044 2450 1177 2478 nonne
1204 2438 1480 2490 gravissimum
1506 2438 1593 2477 fere

248 2503 424 2542 civitatis
452 2504 597 2542 malum
621 2503 717 2550 hoc,
751 2504 858 2555 quod
884 2504 1072 2555 neglectu
1106 2503 1237 2555 legum
1263 2503 1503 2543 auctoritate
1530 2516 1591 2544 se-

247 2569 415 2608 eundum
443 2581 659 2619 paucorum
684 2570 752 2609 vel
776 2569 891 2610 unius
913 2570 1159 2613 voluntatem
1175 2569 1235 2608 rei
1260 2569 1499 2609 damnantur
1524 2575 1593 2610 aut

247 2634 533 2677 absolvuntur?
558 2635 683 2688 Atqui
699 2635 803 2674 hane
815 2634 1017 2674 licentiam
1033 2634 1122 2684 ipse
1142 2635 1322 2676 attribuit
1334 2634 1523 2688 Principi.
1541 2656 1591 2665 -
